4632 5674
1118 422 1148 492 V

253 633 488 718 distinguatur,
510 637 545 699 et
565 631 692 699 violata
713 631 873 744 orationis
895 631 1126 714 aequabilitas.
1169 631 1252 696 Nam
1274 630 1303 697 si
1325 631 1525 767 compararis
1546 632 1635 700 inter
1656 650 1693 700 se
1714 634 1773 700 bos
1795 633 1875 702 duos
1897 651 2014 702 versus

255 739 291 800 et
312 735 494 818 proximos:

474 830 529 898 νόκ
549 825 601 894 ἐπί
620 829 817 922 καλλιχόροις
840 829 1021 924 στεφάνοισι
1041 867 1082 878 -
1102 867 1143 878 —
1164 833 1266 896 leucon
1288 825 1374 899 κατόι
1393 833 1560 927 πνεόματα
1579 829 1684 928 με’λπη
1707 873 1746 883 -
1767 872 1808 884 -

471 930 560 998 α’λλό
582 930 641 996 σόν
662 931 846 1026 ὁπλοφόροις
868 967 909 978 -
928 969 970 980 -
990 943 1091 1051 κῶμον
1110 931 1331 998 ἀναυλότατον
1351 934 1548 1028 προχορεόεις.

473 1033 577 1099 οὐδ”
556 1059 621 1098 οπο
617 1034 835 1126 θυρσομανεῖ
851 1029 989 1125 νεβρίδων
1010 1027 1089 1126 με’τα
1110 1031 1243 1112 δινεόεις,

470 1131 591 1227 αρμασι
610 1130 665 1199 καί
685 1131 805 1218 ψαλίοις
827 1135 1035 1227 τετραβάμοσι
1055 1135 1181 1228 μιόνόχα
1201 1142 1306 1202 πῶλον

253 1230 339 1298 idem
366 1232 419 1299 bic
447 1240 547 1316 atque
575 1235 646 1300 illic
673 1235 841 1302 exordium
866 1254 943 1302 esse
971 1253 1147 1320 cognosces
1175 1241 1210 1302 ct
1195 1235 1375 1303 teundem
1404 1240 1561 1318 protenus
1588 1235 1830 1303 sententiarum
1857 1235 2014 1318 colorem,

252 1348 348 1411 quem
368 1331 434 1398 nisi
455 1334 569 1400 eadem
591 1332 692 1400 etiam
720 1334 896 1402 antithesis
925 1336 1114 1403 bimembris
1142 1341 1315 1417 sequetur,
1347 1353 1412 1417 qna
1439 1335 1558 1402 iterum
1587 1336 1677 1402 clare
1705 1334 1927 1419 distincteque
1954 1355 2014 1404 suo

251 1437 426 1514 utrumqne
446 1433 548 1500 verbo
570 1432 700 1500 dicatur
721 1439 756 1500 et
777 1434 857 1516 qnid
877 1436 989 1520 fngiat
1009 1437 1089 1504 deus
1112 1441 1146 1502 et
1167 1436 1245 1518 quid
1265 1440 1421 1518 sectetur,
1443 1434 1626 1517 decipietur
1636 1435 1781 1518 legentis
1803 1435 2014 1503 audientisve

252 1533 456 1615 exspectatio
482 1533 711 1614 minueturqnc
739 1533 836 1600 simul
865 1553 937 1602 cum
966 1535 1125 1602 orationis
1154 1539 1332 1601 venustate
1354 1534 1453 1601 etiam
1480 1534 1554 1616 ipsa
1573 1535 1749 1602 verborum
1770 1534 2013 1618 intellegentia.

251 1633 434 1700 Pessimum
455 1641 566 1702 autem
587 1634 622 1700 in
643 1634 750 1716 poetis
771 1635 889 1702 vitium
913 1637 1054 1703 babetur
1075 1635 1287 1720 ambiguitas.

363 1735 455 1815 Quae
487 1753 559 1802 cnm
590 1736 639 1801 ita
668 1735 749 1816 sint,
778 1734 925 1803 babeant
954 1735 1019 1801 sibi
1049 1732 1170 1819 ψαλίοις
1198 1735 1255 1816 qni
1284 1733 1458 1801 commenti
1488 1737 1582 1814 sunt;
1610 1751 1679 1815 nos,
1706 1731 1736 1799 si
1757 1732 1916 1815 sapimus,
1947 1752 2013 1799 non

253 1835 429 1916 tangemus
454 1835 645 1920 genetivum
667 1833 786 1918 ψαλίων
807 1838 948 1904 omnium
971 1836 1128 1902 librorum
1153 1833 1218 1901 fide
1243 1834 1418 1901 firmatum.
1460 1834 1533 1900 Hoc
1563 1831 1735 1900 nitendum
1766 1833 1845 1916 erit,
1875 1833 1951 1900 binc
1979 1833 2015 1899 in

253 1933 369 2013 quovis
391 1935 587 2002 emendandi
609 1943 729 2002 conatu
750 1935 1029 2020 proficiscendum.
1073 1936 1146 2017 Qua
1166 1937 1201 2000 in
1220 1954 1256 2000 re
1274 1933 1353 2016 qnid
1372 1951 1493 2014 quaeso
1508 1933 1616 2018 magis
1635 1933 1776 2015 obvium,
1797 1949 1894 2013 quam
1915 1933 2016 2000 ratio·

252 2051 327 2100 nem
338 2035 502 2116 quandam
513 2037 720 2103 intercedere
731 2037 838 2103 videri
848 2037 938 2104 inter
957 2031 1077 2118 ψαλίων
1096 2041 1132 2100 et
1151 2034 1272 2112 πάλον,
1292 2035 1381 2100 inter
1401 2032 1639 2125 τετραβάμιοιλ)
1663 2036 1698 2098 et
1719 2029 1876 2097 ίππείοιοι
1897 2049 2013 2100 versus

255 2137 324 2216 796,
344 2134 433 2202 inter
454 2136 537 2204 baec
556 2136 696 2218 denique
717 2143 752 2203 et
771 2136 908 2216 θοάζεις,
932 2136 1019 2218 quod
1039 2136 1073 2202 in
1096 2135 1209 2202 eodem
1229 2153 1261 2201 v.
1285 2139 1344 2195 796
1365 2133 1513 2217 legitur?
1557 2133 1650 2214 Quae
1671 2133 1780 2200 omnia
1802 2150 1889 2200 nnnc
1909 2133 2012 2200 inter·

254 2238 353 2314 rupta
374 2240 593 2317 corruptaque
613 2235 739 2315 iacent,
760 2235 837 2301 olim
858 2233 1019 2301 communi
1039 2233 1136 2300 credo
1157 2232 1289 2300 viuculo
1317 2231 1406 2298 inter
1426 2251 1462 2299 se
1483 2233 1597 2299 iuncta
1623 2234 1838 2316 tenebuntur,
1871 2234 2016 2301 membra

255 2350 295 2398 ac
314 2339 428 2415 partes
456 2335 554 2402 unius
582 2335 762 2418 enuntiati,
792 2337 878 2416 quod
906 2336 984 2402 inde
1012 2335 1054 2401 ab
1075 2329 1194 2426 ιίρμοιοι
1226 2351 1329 2414 usque
1358 2333 1401 2398 ad
1421 2331 1544 2412 θοάζεις
1572 2333 1773 2416 pertinebat.
1816 2335 1916 2402 Cuius
1944 2352 2018 2402 con·

254 2431 433 2501 iunctionis
452 2435 632 2519 vestigium
652 2436 831 2503 scholiasta
852 2436 910 2502 ille
929 2436 1088 2517 servavit,
1116 2436 1172 2516 qui
1193 2434 1321 2501 traditu
1340 2434 1446 2499 verba.
1466 2433 1515 2500 sic
1535 2434 1695 2516 explicat:
1725 2431 1777 2499 ἐπὶ
1796 2446 1859 2514 τοῖς
1888 2434 2019 2528 ῥεύμασι

254 2536 313 2598 τοῦ
331 2530 470 2625 Ἰσμηνοιῖ
487 2571 527 2582 -
542 2535 735 2629 πορευόμενος
752 2535 811 2601 σόν
828 2531 948 2628 οἷ”ρμασι
962 2534 1015 2601 καί
1031 2543 1165 2624 χαλινοῖς
1182 2535 1378 2628 τετραπόδων
1392 2533 1569 2626 μονιονόχων
1585 2535 1687 2602 ἵππιον
1704 2537 1889 2602 ίππειίσεσιν
1908 2540 1991 2630 ὁρμᾷ
1993 2565 2017 2616 ς.

255 2633 351 2699 Licet
372 2635 405 2701 in
428 2635 480 2702 bis
500 2654 582 2703 vera
602 2637 753 2717 salsaque
774 2636 873 2703 mista
888 2636 966 2718 sint,
988 2637 1048 2704 boc
1064 2643 1175 2704 temen
1191 2637 1268 2703 binc
1284 2640 1424 2719 apparet
1435 2653 1500 2701 nou
1518 2637 1743 2704 accusativum
1765 2637 1891 2731 μόνοχοι
1910 2641 2019 2705 πάλιν

253 2733 314 2798 sed
333 2734 526 2816 genetivum
548 2735 693 2828 μονάχον
712 2734 838 2813 πάλιν,
864 2741 969 2803 metro
1000 2737 1150 2818 quamvis
1171 2741 1357 2818 recusetur,
1382 2735 1458 2802 nuic
1478 2736 1749 2819 interpretationi
1770 2740 1922 2824 subesse,
1948 2745 2018 2807 tum

255 2851 335 2900 vero
356 2836 453 2901 renni
474 2854 515 2902 ea
534 2856 668 2919 prorsus
689 2842 724 2903 ct
745 2837 905 2921 denegari
925 2839 1123 2920 particulam
1149 2832 1187 2904 τί
1207 2843 1282 2922 post
1303 2837 1463 2929 'Iuppr·od;
1492 2855 1575 2916 quae
1605 2837 1636 2904 si
1665 2838 1922 2922 intercessisset,
1946 2859 2019 2906 omn

253 2931 312 2998 illc
333 2932 621 3018 interpretaretur,
641 2936 732 3002 nnllo
754 2937 847 3003 modo
869 2938 1007 3020 iungere
1028 2937 1116 3004 inter
1136 2956 1173 3005 sc
1192 2937 1357 3019 potuisset
1377 2934 1522 3028 μονόχων
1541 2934 1654 3002 πόλον
1669 2975 1709 2984 -
1723 2935 1880 3003 ίππειόιοι
1895 2939 2018 3019 θοάζεις

254 3035 310 3110 (z
330 3033 507 3126 μονιννόχοι
527 3036 630 3104 ἵππον
651 3035 833 3102 ι’ππείοεοιν
854 3037 980 3129 ὁρμάς).
1003 3074 1044 3083 -
1064 3038 1114 3104 Ne
1134 3036 1248 3118 multa,
1269 3035 1404 3117 scripsit
1423 3040 1531 3120 poeta,
1552 3038 1618 3104 nisi
1640 3038 1755 3106 fallor:

737 3154 800 3221 οὐδ’
819 3156 884 3222 ὑπό
905 3153 1125 3246 θυρσομανεϊῖ)
1147 3149 1285 3245 νεβρίδων
1306 3147 1386 3246 με’τα
1406 3155 1539 3233 δινείεις·

735 3252 857 3349 οἷ’ρμασι
877 3251 1040 3339 κόψαλίοιν
1059 3253 1267 3348 τετραβάμοσι
1287 3255 1528 3346 μονοχοπινλων,

736 3355 876 3450 Ἰσμηνοῦ
898 3356 923 3446 ρ’
935 3353 988 3422 ἐπὶ
1008 3356 1141 3450 χεύμασι
1161 3353 1283 3444 βαίνων,

737 3461 893 3523 ι’ππείαισι
911 3458 1034 3538 θοόζεις

254 3559 276 3626 i.
299 3577 327 3626 ε.
348 3577 455 3642 neque
475 3567 512 3628 tu
532 3562 675 3645 pellibus
696 3564 831 3636 indutus
853 3569 936 3636 duee
952 3570 1100 3653 Dionyso
1115 3567 1298 3650 baccharis3
1319 3565 1467 3634 curribus
1492 3570 1527 3633 et
1547 3565 1726 3633 infreninm
1748 3583 1903 3646 equorum
1921 3581 2019 3630 cursu

253 3662 467 3743 quadrupede
488 3662 522 3728 in
543 3662 667 3730 Ismeni
688 3665 770 3732 odeo
792 3667 872 3750 ripis
893 3668 1072 3736 inveheris.

362 3761 454 3828 Nihil
474 3762 545 3829 fere
557 3763 772 3848 mutavimus,
794 3766 957 3852 νάψαλιόν
977 3770 999 3836 i.
1011 3790 1039 3836 e.
1060 3765 1115 3835 καί
1136 3766 1279 3852 άψολίον
1292 3767 1482 3851 scripsimus
1493 3787 1552 3850 pro
1569 3763 1624 3832 καί
1644 3762 1774 3850 ψαλίων,
1795 3766 2019 3860 μονοχοπωλον

254 3881 313 3946 pro
336 3861 478 3955 μονίχοι
498 3864 545 3946 (α)
567 3861 689 3943 πολιν,
708 3863 733 3954 ς’
754 3866 896 3950 denique
918 3871 958 3936 de
979 3889 1042 3951 quo
1064 3888 1138 3937 mox
1159 3870 1269 3952 plura,
1296 3887 1356 3952 pro
1376 3867 1413 3933 τ’.
1437 3870 1594 3936 -Nova
1621 3875 1731 3935 autem
1759 3887 1843 3949 quae
1864 3868 2016 3934 finximus

251 3964 414 4031 vocabula
434 3964 662 4033 similitudinis
682 3966 757 4051 lege
779 3968 1012 4036 defenduntur.
1056 3971 1139 4035 Nem
1160 3974 1198 4035 ut
1217 3967 1352 4052 άψάλιις
1375 3969 1543 4035 ducitura
1562 3966 1687 4051 ψάλιον,
1708 3969 1756 4034 sic
1777 3967 1923 4061 οἱονάμιις
1946 3967 2019 4034 sive

251 4089 384 4157 αοτομος
407 4083 428 4131 a
449 4065 552 4157 στόμα
571 4065 593 4133 i.
616 4086 643 4134 e.
665 4067 777 4151 ψάλιον
798 4076 833 4136 et
852 4069 1000 4159 άχάλινις
1022 4089 1043 4136 a
1064 4069 1189 4158 χαλινός
1212 4069 1312 4137 ducta
1333 4075 1428 4151 sunt;
1454 4069 1645 4154 significant
1665 4074 1775 4136 autem
1797 4069 1884 4136 idem
1905 4067 2016 4136 omnia

253 4166 433 4247 ,infrenis“
455 4167 527 4233 sive
550 4168 693 4251 ,serox“,
714 4169 808 4236 velut
828 4171 863 4236 in
884 4172 982 4255 Sopb.
994 4172 1045 4238 El.
1057 4190 1089 4238 v.
1103 4176 1172 4253 7‘24,
1193 4169 1249 4237 ubi
1265 4166 1397 4263 ἄστομοι
1416 4173 1519 4234 πῶλοι
1539 4169 1672 4257 ,βίαιά
1692 4175 1770 4236 sunt
1790 4178 1825 4236 et
1846 4171 2019 4248 ,άπειθεῑς

252 4283 337 4347 quae
368 4267 499 4348 quidem
527 4268 727 4353 significatio
757 4289 854 4352 quam
884 4280 965 4357 apta
992 4274 1038 4340 sit
1066 4273 1166 4340 etiam
1195 4272 1230 4339 in
1259 4273 1319 4339 boc
1338 4270 1593 4339 Phoenissarnm
1621 4286 1721 4336 versu
1748 4286 1842 4335 nemo
1865 4274 1917 4335 est
1938 4268 2017 4350 quin

368 4491 389 4558 ¹)
408 4489 450 4544 ΝΘ
468 4493 528 4560 (luit
549 4478 759 4574 τετραβάμοσι
778 4492 813 4548 ad
833 4480 954 4576 ἅρμασι
972 4503 1098 4568 spectare
1116 4502 1206 4567 putet,
1227 4477 1388 4574 διβόμονο,
1404 4499 1469 4549 sunt
1486 4478 1627 4572 ἅρματα,
1645 4508 1699 4549 non
1721 4474 1945 4570 τετραβόμονα.

365 4591 427 4662 ¹)i.
443 4607 467 4649 e.
480 4581 544 4646 ὑπό
570 4606 613 4669 τῳ
641 4582 785 4672 Διονοσῳ
805 4587 854 4672 τιό
876 4578 955 4677 μετόν
975 4586 1100 4678 θόροιον
1121 4581 1299 4681 μαινομένῳ
1321 4613 1409 4666 neque
1427 4597 1507 4652 video
1526 4596 1590 4664 quid
1612 4596 1706 4653 obstet
1722 4595 1786 4650 buic
1811 4593 2021 4650 scholiastarnm

251 4689 486 4761 interpretationi,
517 4709 597 4760 quam
624 4693 748 4750 defendit
766 4695 878 4752 Geclins
906 4698 967 4753 coll.
995 4699 1110 4755 aliorum
1137 4699 1335 4755 adiectivorum
1361 4713 1412 4752 usn
1430 4696 1572 4752 consimili.
1609 4697 1653 4752 Sic
1673 4681 1860 4776 χροσολόρης
1894 4692 2020 4748 substau-

251 4791 310 4846 tivo
319 4807 374 4848 non
384 4792 479 4848 adrbto
492 4791 526 4846 de
536 4790 663 4860 Apolline
673 4793 714 4848 art
724 4795 826 4850 drotum
837 4811 897 4851 esse
911 4797 997 4854 Arist.
1010 4797 1118 4855 Tbesrn.
1128 4801 1189 4870 315,
1208 4806 1237 4855 ct
1249 4813 1364 4879 πτερου
1373 4805 1438 4850 dou
1449 4795 1482 4850 de
1496 4795 1617 4865 Sphinge
1627 4795 1729 4850 Pboen
1741 4795 1807 4848 1021
1823 4777 1903 4870 ἔβας,
1912 4797 1935 4846 ω’
1946 4804 2021 4848 πτε-

253 4903 388 4968 ρουσσα,
408 4890 462 4964 gd<
483 4881 625 4974 λόχεομα
645 4877 785 4974 νερτέρου
805 4883 834 4948 τ’
854 4884 1005 4977 'Exr'rdruc
1032 4899 1303 4969 Obloquitnrhisi'b.
1315 4897 1453 4952 Kocklc.
1464 4895 1505 4952 cf.
1518 4896 1621 4966 pg.lV.
1632 4896 1876 4965 -lllcunpueres
1887 4893 2021 4964 sehabet

251 4977 320 5036 nibil
337 4981 433 5051 utique
451 4983 487 5040 ed
504 4981 690 5040 coniecturam
707 4989 838 5040 nostram.
