4632 5674
1141 361 1189 436 IV

287 585 322 647 et
350 598 426 647 care
454 583 566 647 tamen
595 583 723 645 ematur
750 577 844 643 laesa
873 573 1121 658 probabilitatis
1148 575 1224 658 lege
1249 575 1342 638 certa
1369 587 1410 637 ac
1436 569 1564 652 stabili,
1595 589 1661 652 qua
1689 571 1822 641 dativus
1850 573 2044 642 excluditur.

286 681 360 764 Ego
382 681 469 746 enim
490 679 538 745 sic
559 678 725 745 existimo:
757 678 802 759 si,
830 683 869 743 ut
889 675 1055 758 plerisque
1076 675 1222 754 videtur,
1254 671 1389 738 dativus
1409 670 1445 736 in
1473 669 1652 753 archetypo
1673 671 1809 755 fuisset,
1837 693 2043 757 nequaquam

286 785 346 846 aut
367 799 478 846 errore
498 787 558 845 ant
579 778 715 845 consilio
737 797 809 844 cum
828 775 985 860 genetivo
1007 781 1225 842 commutatus
1245 777 1343 839 esset.
1385 771 1521 837 Duobus
1542 771 1599 836 ille
1619 770 1695 837 aliis
1716 771 1840 840 dativis
1860 769 2044 868 (ἅρμασι-

285 878 506 971 τετραβάμοσι)
527 877 743 960 interpositus
765 883 800 944 et
821 877 938 958 copula
958 875 1089 942 iunctus
1111 893 1183 941 cum
1204 867 1333 964 ἕρμασι,
1360 877 1398 937 ut
1418 889 1460 936 ne
1480 870 1595 938 dedita
1615 872 1745 952 quidem
1767 893 1867 957 opera
1886 895 1951 942 non
1974 879 2044 945 ani·

287 979 452 1052 madverti
473 978 645 1061 potuisset,
671 978 771 1044 etiam
792 996 813 1043 a
835 975 1045 1042 dormitantis
1066 975 1195 1042 librarii
1223 973 1352 1042 incuria
1378 987 1513 1038 securos
1534 970 1663 1038 fuisset
1705 973 1757 1040 De
1778 973 1944 1042 industria
1964 996 2044 1045 vero

285 1079 315 1146 si
323 1075 1041 1160 quemmutavisseillumputes,quidtandem
1050 1072 1850 1158 correctoremspectarepotuisseexistimabimus,
1859 1095 2043 1160 cumproeo

286 1180 371 1259 quod
392 1183 472 1244 ante
491 1177 601 1259 pedes,
623 1177 708 1257 quod
728 1176 863 1258 planum
882 1180 979 1258 esset,
1000 1177 1148 1243 consulto
1174 1181 1312 1258 poneret
1328 1174 1413 1256 quod
1431 1173 1502 1255 ipse
1522 1190 1588 1238 non
1602 1172 1825 1258 intellegeret
1867 1177 2040 1246 Inversam

285 1280 395 1362 potins
416 1279 577 1344 rationem
599 1277 802 1358 probabilem
823 1293 896 1342 esse
916 1281 1020 1358 patet.
1062 1277 1135 1343 Non
1156 1276 1213 1358 qni
1233 1271 1352 1359 ψαλίων
1372 1273 1577 1370 scripserunt
1596 1272 1735 1355 librarii,
1755 1275 1814 1340 sed
1835 1277 1892 1358 qui
1912 1276 2043 1362 ᾳννιίννς,
2174 1323 2178 1328 -
2284 1373 2289 1382 .

286 1383 345 1445 ant
366 1397 478 1445 errore
497 1376 584 1460 lapsi
605 1383 664 1443 aut
685 1375 775 1443 ducti
796 1376 941 1458 consilio,
961 1377 1089 1443 fraudis
1107 1376 1302 1444 levitatisve
1322 1373 1492 1442 manifesti
1512 1378 1600 1440 sunt.
1624 1411 1665 1420 -
1686 1373 1837 1442 Ceterum
1859 1375 1980 1461 ψαλίοις
2000 1399 2043 1448 no

287 1480 375 1546 bona
396 1478 525 1560 quidem
548 1478 736 1545 coniectura
757 1482 818 1544 est.
849 1477 934 1543 Nam
954 1477 1045 1543 nullo
1066 1477 1159 1544 modo
1180 1476 1312 1544 laudari
1326 1481 1385 1543 aut
1406 1474 1543 1541 tolerari
1560 1479 1671 1556 potest
1690 1474 1864 1544 nimiailla
1882 1478 1916 1545 in
1938 1485 2046 1548 trans·

287 1579 413 1645 latione
433 1577 583 1659 audacia,
603 1595 668 1657 qua
690 1577 776 1643 freni
797 1575 1026 1658 quadrupedes
1048 1576 1212 1658 dicuntur,
1240 1575 1318 1656 quia
1345 1573 1498 1641 nimirum
1526 1577 1703 1658 gestantur
1730 1576 1773 1641 ab
1802 1596 1883 1660 equo
1905 1581 2044 1661 quadru-

285 1678 379 1760 pede.
422 1677 496 1744 Scio
518 1696 590 1744 esse
611 1677 729 1758 quibus
749 1677 908 1759 probetur
934 1677 964 1742 b.
986 1677 1008 1742 l.
1037 1676 1237 1742 scholiastae
1264 1675 1372 1758 ligura
1392 1671 1590 1752 ἁντίπτωσις,
1615 1692 1713 1755 quam
1734 1694 1833 1744 versu
1861 1679 2044 1749 defendunt
2096 1703 2098 1706 ·

285 1777 357 1858 lph.
378 1777 454 1842 Aul.
476 1781 546 1858 245,
567 1777 623 1843 nbi
644 1776 745 1844 simili
766 1775 807 1842 de
828 1794 928 1842 causa
949 1794 1078 1842 currum
1099 1775 1212 1843 vocari
1233 1775 1329 1842 aiunt
1349 1775 1574 1858 solidipedem,
1594 1773 1625 1840 έν
1644 1775 2045 1872 μννόχνις-πτερντνῑινιν

283 1872 429 1969 ἅρμασιν.
472 1879 520 1944 At
540 1877 594 1943 hic
614 1895 741 1958 quoque
762 1893 877 1943 versus
906 1884 1078 1958 corruptus
1104 1881 1164 1942 est.
1207 1874 1392 1960 corrigitur
1421 1894 1442 1941 a
1462 1875 1633 1960 Madvigio
1662 1881 1697 1943 et
1718 1878 1943 1947 Heirnsoetbio
1964 1883 2046 1965 (ind.

283 1977 384 2044 scbol.
408 1979 502 2044 Bonn
525 1981 604 2038 1872
625 1997 658 2059 p.
679 1977 759 2059 IX),
788 1976 919 2042 deletur
939 1982 977 2043 ιιι
997 1975 1194 2043 subditicius
1221 1993 1288 2043 nna
1309 1994 1381 2042 cum
1403 1975 1559 2056 proximis
1584 1994 1606 2041 a
1633 1975 1674 2042 G.
1696 1977 1887 2045 Hermanno
1909 1986 1944 2047 et
1965 1983 2046 2050 Din-

284 2077 395 2143 doriio.
437 2076 660 2142 Periculosum
683 2081 793 2142 autern
814 2081 866 2142 est
898 2077 999 2143 dubia
1027 2076 1136 2143 dubiis
1166 2076 1360 2158 detondere,
1386 2075 1582 2160 praesertim
1601 2075 1630 2142 si
1652 2095 1766 2143 verum
1788 2085 1848 2161 est,
1877 2087 1915 2147 ιιι
1940 2083 2045 2174 paduae

282 2195 347 2243 non
370 2197 411 2242 ex
433 2175 569 2270 pravalui,
590 2182 696 2243 ortum
718 2177 778 2256 sit,
807 2176 866 2242 sed
887 2177 1069 2245 ducendum
1098 2196 1171 2244 esse
1191 2177 1346 2245 videatur
1374 2197 1395 2243 a
1421 2175 1489 2270 ρινίν
1510 2175 1605 2244 verbi
1632 2177 1745 2245 radice
1773 2204 1816 2271 μα
1846 2186 1882 2247 et
1902 2174 1986 2261 ἶννξ,
2007 2189 2045 2250 ιιι

283 2277 370 2342 idem
393 2276 437 2342 sit
459 2277 544 2358 quod
565 2275 700 2360 ungulis
721 2274 929 2359 festinans1).
972 2275 1116 2359 Quodsi
1137 2280 1198 2358 est,
1219 2277 1342 2358 optime
1356 2276 1404 2343 sic
1424 2275 1537 2343 vocari
1554 2280 1650 2357 patet
1670 2296 1797 2360 equum,
1819 2297 1915 2362 posse
1932 2282 2045 2350 vocari

282 2376 331 2442 sic
352 2412 392 2424 —
413 2377 443 2442 si
463 2377 574 2457 placet
594 2384 712 2459 poetae
734 2414 774 2422 -
796 2376 896 2442 etiam
919 2395 1062 2459 currum;
1083 2396 1149 2444 non
1170 2395 1266 2459 posse
1285 2383 1380 2461 patet
1401 2376 1478 2444 binc
1499 2383 1728 2460 argumentum
1748 2379 1829 2462 peti,
1850 2399 1913 2462 quo
1937 2381 2044 2464 „freni

282 2476 531 2558 quadrupedes“
555 2477 787 2543 defendantur.
1887 2481 1890 2488 ’

392 2577 456 2644 Sed
479 2577 728 2644 acceduntalia.
761 2577 797 2644 Si
808 2575 1021 2643 admittamus
1038 2573 1159 2662 ψαλίοις
1170 2575 1387 2671 τετραβάμοσι,
1408 2582 1467 2643 aut
1481 2574 1676 2657 interpungi
1689 2578 1800 2656 potest
1811 2585 1888 2659 post
1908 2579 2043 2660 δινενέις,

281 2681 341 2740 aut
360 2675 466 2742 oratio
489 2674 684 2743 continuari.
727 2675 772 2756 Si,
793 2680 831 2741 ut
852 2675 952 2760 vulgo
974 2675 1021 2759 fit,
1052 2676 1311 2761 interpungitur,
1342 2675 1480 2742 molesta
1503 2679 1554 2740 est
1574 2671 1665 2739 <illd
1695 2673 1879 2754 particulae
1911 2679 2042 2747 omissio

281 2795 420 2841 —nam
441 2775 614 2843 dicendum
636 2781 725 2842 erat:
745 2774 820 2842 ἀλλ’
840 2771 961 2868 ἕρμασι
982 2795 1009 2842 e.
1031 2797 1062 2858 q.
1083 2797 1108 2844 s.
1131 2816 1171 2825 -
1192 2777 1424 2844 molestissima
1454 2794 1546 2858 vero,
1578 2774 1676 2840 immo
1705 2773 1926 2844 intolerabilis
1948 2779 2043 2846 verbi

281 2875 405 2954 barae'aq
427 2875 528 2942 semel
550 2874 650 2958 positi
672 2875 793 2958 duplex
814 2875 1023 2961 significatio,
1043 2878 1260 2947 intransitiva
1279 2877 1377 2944 simul
1399 2875 1536 2960 (δινευέις
1557 2875 1622 2940 aad
1642 2879 1843 2967 θνρσνρνανει)
1864 2885 1899 2944 et
1923 2881 2045 2946 transi-

282 2977 364 3060 tiva,
385 2996 457 3043 cum
479 2976 522 3042 ad
543 2979 651 3041 πόλνν
672 2976 758 3042 idem
779 2977 863 3044 illud
884 2979 1021 3046 verbum
1042 2985 1153 3046 mente
1174 2979 1381 3047 adiciendum
1402 2978 1457 3046 sit.
1499 2979 1613 3059 Neque
1637 2977 1724 3043 enim
1745 2979 1851 3042 πόλιν
1872 2980 2042 3062 utriusque

281 3077 418 3143 membri
440 3077 602 3143 obiectum
625 3095 792 3143 commune
814 3095 885 3144 esse
905 3084 1024 3161 potest,
1047 3099 1089 3147 ne
1110 3079 1280 3147 sententia
1299 3080 1431 3163 penitus
1457 3082 1692 3161 corrumpatur.
1733 3079 1818 3145 Nam
1839 3079 1990 3162 absurde,
2011 3081 2040 3148 si

281 3176 331 3242 ita
351 3181 528 3258 statueres,
548 3177 847 3260 reprehenderetur
868 3196 889 3244 a
907 3185 1008 3262 poeta
1028 3181 1117 3263 deus,
1139 3200 1214 3264 non,
1235 3187 1273 3247 nt
1295 3183 1478 3263 oportebat,
1499 3179 1585 3261 quod
1607 3180 1738 3246 omnino
1759 3185 1912 3246 versaret
1933 3199 2042 3268 equos,

280 3276 340 3342 sed
362 3276 448 3358 quod
469 3294 534 3342 non
556 3280 708 3342 versaret
729 3276 811 3343 duce
832 3279 961 3346 Baccho
983 3286 1042 3347 ant
1067 3281 1203 3348 indutus
1230 3281 1387 3365 pellibus,
1415 3281 1474 3347 sed
1503 3297 1600 3346 curru
1628 3279 1738 3363 potius
1766 3279 1915 3347 adhibito
1941 3287 2042 3362 atque

281 3377 396 3443 irenis.
438 3375 558 3456 Itaque
578 3381 630 3458 ιιι,
659 3374 688 3440 si
716 3373 985 3463 interpungatur,
1006 3384 1098 3447 stare
1118 3380 1223 3463 possit
1243 3380 1427 3463 sententia,
1453 3397 1547 3446 sunm
1575 3378 1695 3444 saltem
1715 3378 1848 3461 utrique
1868 3381 2041 3448 enuntiato

282 3476 444 3546 obiectum
458 3495 538 3558 opus
549 3481 609 3542 est
652 3476 725 3542 Hoc
743 3477 845 3544 fuisse
861 3481 1057 3562 putaverim,
1078 3500 1136 3548 cur
1147 3480 1447 3566 Musgraviusolim
1458 3477 1494 3545 mi
1504 3477 1589 3545 πόδα
1607 3481 1789 3571 &propani
1811 3477 1973 3546 scriberet
1983 3499 2042 3562 pro

281 3576 345 3642 οὐδ’
367 3577 431 3644 aad
452 3585 649 3670 θυρσομανεῖ,
670 3577 848 3658 eodemque
864 3597 952 3647 nunc
961 3581 1070 3648 redire
1081 3582 1178 3649 video
1189 3582 1289 3649 etiam
1305 3583 1365 3649 Tb.
1380 3582 1500 3650 Kockii
1521 3579 1751 3662 coniecturam,
1772 3579 1837 3662 qui,
1859 3579 1923 3647 etsi
1944 3582 2043 3665 longe

281 3677 349 3743 alia
370 3677 501 3745 ratione
521 3677 675 3760 ductus,²)
697 3677 731 3743 in
745 3677 860 3745 Fleck.
877 3699 954 3746 ann.
965 3682 1071 3766 suppl.
1082 3682 1130 3750 VI
1142 3702 1172 3766 p.
1189 3687 1248 3746 202
1266 3687 1302 3750 od
1319 3683 1392 3775 δόρυ
1409 3673 1598 3774 θυρσομανές
1619 3679 1799 3763 proposuit.
1830 3681 1878 3748 Ut
1895 3681 2042 3765 ingenio·

280 3795 351 3842 snrn
364 3783 397 3844 et
409 3779 470 3844 boc
480 3783 515 3845 et
526 3777 609 3845 illud
619 3779 673 3860 sit,
685 3778 870 3860 probabilia
881 3782 935 3848 vel
945 3787 1121 3864 propterea
1134 3783 1230 3852 credo
1241 3804 1307 3852 non
1318 3791 1407 3868 sunt,
1417 3783 1495 3867 qnia
1505 3783 1546 3849 iis
1557 3783 1598 3850 de
1610 3783 1788 3867 negatione
1799 3776 1870 3847 ον’δέ
1878 3783 2043 3864 particula

280 3871 316 3942 δέ
336 3878 466 3945 tollitur
487 3879 522 3945 in
544 3879 768 3945 continuanda
789 3881 969 3964 negatione
989 3883 1123 3951 minime
1143 3903 1401 3966 supervacanea.

390 3981 542 4046 Alterum
564 3984 638 4046 crat
659 3979 853 4048 continuare
868 3983 1054 4062 ‚orationem
1076 4003 1138 4051 nec
1157 3985 1396 4072 interpungere
1415 3991 1492 4069 post
1511 3983 1643 4064 δινεῦενς.
1687 3982 1782 4065 Quod
1803 3983 1833 4049 si
1849 3983 1897 4066 lit,
1917 3985 2040 4064 δινεύενς

282 4079 416 4146 verbum
428 4097 501 4144 cnm
515 4077 672 4160 proximis
686 4077 887 4162 iungendum
903 4090 964 4166 est,
986 4085 1175 4168 negationis
1191 4105 1269 4154 vero
1285 4088 1337 4156 vis
1356 4088 1399 4155 ad
1414 4107 1513 4155 unum
1531 4087 1597 4152 aad
1618 4093 1810 4177 θυρσομανεῖ·
1826 4084 2042 4169 intendenda,

280 4176 418 4259 perinde
438 4195 477 4244 ac
497 4176 526 4243 si
547 4176 597 4243 ita
618 4177 757 4244 dixisset
777 4184 890 4260 poeta:
922 4179 986 4262 ml,
1008 4182 1063 4250 oda
1084 4172 1129 4250 cio
1149 4185 1216 4251 ν’πν·
1237 4193 1428 4280 θυρσομανεῖ
1445 4177 1523 4282 μετὰ
1543 4183 1692 4278 νεβρίδων,
1712 4177 1833 4276 ἅρμασι
1854 4234 1861 4248 .
1881 4233 1888 4250 .
1910 4235 1916 4250 .
1939 4193 2044 4254 actm

280 4275 413 4355 δινννέις.
456 4277 549 4344 Haec
570 4277 804 4359 interpretatio
825 4296 902 4347 num
924 4302 1012 4352 nova
1032 4284 1077 4352 sit
1098 4305 1202 4353 necne
1223 4289 1347 4371 nescio,
1376 4295 1547 4373 poetarum
1576 4292 1667 4354 certe
1693 4286 1769 4354 usui
1790 4304 1855 4353 uon
1876 4296 2043 4372 repugnat

282 4395 344 4442 nec
372 4376 611 4442 contemnenda
639 4377 782 4443 fortasse
810 4385 904 4446 esset
927 4383 958 4449 ei
986 4385 1041 4466 qui
1070 4383 1193 4469 ψαλίοις
1222 4388 1370 4456 dativum
1400 4387 1607 4470 admitteret,
1642 4385 1706 4452 nisi
1736 4385 1821 4450 duae
1847 4404 1961 4453 rursus
1989 4405 2042 4454 res

280 4474 470 4558 obstarent,
503 4479 539 4541 et
569 4473 675 4557 ipsum
706 4475 828 4556 δινειιενς
861 4478 932 4546 loco
962 4482 1241 4567 importunissimo
1272 4489 1482 4572 collocatum,
1513 4485 1570 4554 nbi
1602 4504 1754 4568 quorsum
1785 4484 1953 4568 pertineat
1984 4487 2042 4554 vix

387 4721 410 4792 ¹)
429 4722 559 4780 Grenici:
585 4723 627 4780 De
645 4725 831 4782 vehiculorum
850 4729 998 4798 generibus
1015 4729 1168 4788 Homericis
1188 4735 1256 4789 isla
1274 4750 1300 4805 p.
1320 4737 1345 4791 6.
1369 4765 1403 4778 ·-
1428 4731 1522 4790 Anneio
1540 4733 1576 4789 ad
1593 4731 1673 4792 Hom.
1692 4731 1742 4791 Od.
1761 4734 1831 4803 qil.
1855 4761 1890 4772 -
1914 4728 2042 4786 Klotzius

279 4809 365 4870 iued.
384 4811 486 4870 Pboan.
506 4815 695 4886 „unnngulas“
715 4815 923 4888 interpretatur.

383 4909 409 4982 ¹)
427 4909 470 4969 cl.
487 4926 550 4972 ann.
569 4915 586 4970 ll
603 4928 649 4986 pg.
661 4913 695 4973 V.
