4632 5674
1183 379 1219 450 X

1084 466 1303 484 m

316 588 435 668 quatur
456 581 569 654 αότῶο.
610 585 713 654 Immo
734 585 811 654 bino
835 585 948 670 potine
964 603 1175 658 numerorum
1195 586 1383 658 differentia
1403 587 1585 674 repetenda
1605 591 1673 673 est,
1701 586 1788 671 quod
1807 584 1964 657 librarius
1985 585 2066 655 duas

313 705 398 770 qnae
416 685 610 756 ferebantur
627 687 918 770 interpretationes
939 687 1095 758 inunum
1116 691 1273 758 eoniudit
1296 727 1333 738 -
1356 691 1396 758 In
1417 690 1538 758 nostris
1558 690 1653 758 libris
1674 707 1715 756 nu
1736 687 1869 772 seriptis
1891 705 2000 772 uuum,
2022 693 2061 756 nt

315 806 417 871 snpra
439 787 561 857 dietum
582 795 642 874 est,
663 780 767 873 ἢλθεν
787 797 907 858 exstat.
948 789 1161 858 inveniretur
1181 791 1323 858 fortasse
1344 792 1444 858 etiam
1458 792 1606 874 pluralis,
1626 790 1690 858 nisi
1702 796 1721 874 η’
1735 784 1779 874 δι’,
1795 789 1880 874 qued
1892 789 2066 874 paullatim

316 893 351 956 et
371 882 443 955 οιιδέ
462 896 496 958 et
518 896 546 958 οι
565 888 600 959 δι’
621 895 655 958 et
676 910 760 972 quae
784 891 851 959 alia
871 889 1119 974 temptabautur
1139 891 1276 976 pepulit,
1303 893 1390 961 omni
1411 891 1610 964 dubitationi
1630 891 1763 962 iecisset
1783 890 1890 960 duom.

427 991 498 1058 Iam
518 991 549 1059 si
569 993 612 1062 ad
633 990 795 1076 proximos
816 1010 931 1060 versus
951 991 1166 1076 regredimur,

844 1094 901 1160 οὐδ
922 1099 950 1160 οἱ
971 1091 1011 1188 μὴ
1031 1091 1157 1188 νόμιμοι

840 1195 961 1276 παῖδος,
982 1190 1076 1288 ματρὶ
1095 1193 1246 1288 λόχευμα,
1266 1193 1388 1290 μίασμα
1407 1198 1528 1287 πατρός

314 1310 369 1361 eos
390 1297 425 1362 et
446 1295 651 1362 sententia
668 1299 856 1364 etametro
877 1297 1029 1364 laborare
1048 1296 1200 1364 diximus.
1230 1298 1313 1365 Nam
1334 1317 1439 1380 neque
1459 1297 1601 1393 λόχευμα
1622 1295 1736 1390 ματρός
1755 1299 1789 1363 et
1806 1293 1928 1388 μίασμα
1947 1291 2067 1386 πατρός

314 1397 406 1462 recte
426 1394 515 1462 inter
534 1414 571 1463 se
591 1397 710 1481 opponi
730 1397 872 1466 vidimus
893 1401 928 1464 et
948 1396 1035 1465 alter
1061 1416 1176 1466 versus
1197 1417 1264 1466 una
1294 1400 1424 1485 syllaba
1454 1401 1528 1484 plus
1559 1399 1661 1468 babet
1685 1415 1782 1484 quam
1809 1396 2066 1482 antistrophious

313 1477 340 1581 η’
359 1493 447 1565 δεινοί
465 1522 513 1579 τις
529 1491 618 1589 Ἔρις
637 1498 721 1580 θεός,
741 1491 766 1568 οἳ
785 1497 870 1568 τόδε.
891 1536 932 1547 -
952 1497 1200 1566 Emendandum
1221 1501 1316 1570 oredo
1337 1501 1385 1570 sin
1406 1505 1472 1568 art:

843 1601 908 1666 οὐδ’
930 1605 959 1666 οἱ
978 1599 1018 1693 μὴ
1037 1600 1162 1696 νόμιμοι

838 1703 958 1780 παῖδες,
977 1696 1072 1796 ματμι
1091 1701 1235 1795 λόχευμα
1255 1701 1439 1796 μιόσματος,

312 1794 334 1861 ι.
357 1813 385 1862 e.
414 1789 484 1864 οόδι1
504 1797 606 1866 καλόν
627 1793 778 1896 iponem)
807 1807 836 1868 οί
856 1801 896 1895 μὴ
920 1801 1040 1896 νόμιμοι
1060 1803 1187 1882 παῖδες,
1216 1797 1247 1870 οῖ
1270 1827 1310 1903 τι]
1339 1800 1428 1896 μητρί
1453 1810 1513 1870 εἰσι
1533 1802 1673 1896 λόχευμα
1693 1802 1810 1894 μιαρόν.
1853 1797 2069 1884 corruptelae

312 1894 409 1980 eulpa
429 1897 472 1966 ad
493 1897 752 1986 dittograpbiam
773 1901 871 1986 rodit,
901 1921 965 1985 qua
985 1901 1159 1998 μιάσματος
1180 1904 1319 1987 primum
1346 1905 1380 1972 in
1402 1901 1524 1998 μίασμα
1545 1901 1657 1996 ματρός
1679 1899 1782 1984 abiit,
1800 1899 1907 1984 quod
1940 1897 2067 1967 testi·

313 1997 440 2066 monii
475 1999 568 2069 loeo
605 2001 736 2075 adhue
772 2007 922 2071 servat
953 2003 1136 2088 optimus
1166 2004 1278 2074 liber
1303 2005 1343 2090 F,
1367 2006 1495 2090 deinde,
1521 2009 1559 2072 nt
1586 2007 1662 2087 post
1688 1997 1782 2096 ματμι
1809 2005 2064 2070 οοιιιοιιιιιιοιιιιι

314 2102 404 2184 erat,
435 2099 470 2168 in
490 2129 519 2195 μ.
545 2103 672 2192 πατρός.
694 2140 735 2152 -·
755 2101 865 2199 Marp'a
884 2105 1026 2199 λόχευμα
1051 2103 1223 2200 μιόσματος
1250 2113 1411 2178 Vocantur
1430 2107 1484 2175 hid
1503 2105 1581 2190 filii,
1607 2105 1694 2172 sieut
1714 2103 1749 2171 in
1769 2121 1801 2172 v.
1830 2103 1870 2166 88
1896 2101 2067 2187 Antigona

315 2203 532 2272 exeontrario
551 2205 787 2288 ιλειιόιθιλις
807 2207 915 2302 πατρί.
955 2207 1038 2274 Ναοι
1049 2207 1226 2293 genetivus
1245 2228 1305 2292 pro
1326 2207 1491 2277 adiectivo
1505 2213 1566 2290 est,
1586 2211 1625 2276 ut
1644 2197 1823 2272 ιιιοιιλιλιι
1834 2205 1946 2295 χλιδᾶς
1962 2224 2065 2272 :aa

313 2301 465 2392 χλιδαοόι
486 2307 531 2389 (v.
554 2309 648 2392 1496)
668 2314 704 2375 et
722 2307 836 2405 τολμης
856 2309 1021 2402 πρόσωπον
1047 2339 1091 2376 ;;
1116 2309 1269 2404 τολμηρόν
1288 2338 1339 2403 πμ.
1371 2309 1423 2394 (O.
1444 2309 1485 2376 R.
1507 2309 1583 2392 532)
1604 2343 1644 2355 -
1665 2305 1715 2374 Cf.
1742 2305 1861 2397 Mutth.
1887 2323 1939 2390 gr.
1958 2321 2009 2390 gr.
2030 2302 2067 2372 II

313 2403 558 2488 9³16;thn.
580 2407 598 2492 fi
619 2411 690 2493 402,
719 2427 746 2476 c.
787 2411 1034 2496 Potesttamen
1055 2410 1156 2478 etiam
1176 2410 1351 2494 genetivus
1379 2427 1498 2476 musae
1518 2408 1639 2493 aoaipi,
1666 2412 1706 2475 nt
1732 2409 1802 2498 λόχ.
1823 2405 1998 2503 μιόομοτις
2021 2404 2068 2474 sit

312 2505 398 2587 quod
425 2510 572 2576 nostrum
600 2508 674 2594 ,die
700 2509 756 2578 iiir
784 2511 839 2578 die
858 2511 984 2578 Mutter
1010 2509 1084 2577 eine
1103 2509 1232 2578 (debunt
1260 2510 1319 2579 der
1339 2510 1451 2580 Sinde
1477 2511 1582 2596 sind“,
1607 2510 1720 2590 παῖδες
1740 2512 1789 2614 ιμ’
1810 2504 1901 2605 μητρὶ
1920 2505 1954 2580 ia
1973 2505 2067 2604 μιόο·

314 2630 409 2700 ματος
429 2608 589 2701 γενόμενοι.
632 2609 751 2676 Madd.
771 2610 818 2676 II.
839 2613 917 2693 3753
936 2609 1047 2678 thn.
1068 2613 1139 2695 414,
1159 2615 1189 2678 4.

422 2709 534 2778 Verba
545 2710 610 2776 οὐδ’
622 2714 650 2776 οἱ
661 2709 701 2803 μὴ
711 2710 835 2807 νόμιμοι
846 2729 932 2778 nuno
944 2729 1009 2778 non
1020 2711 1199 2796 tetigerim.
1231 2712 1330 2794 Sana,
1348 2711 1378 2778 si
1388 2711 1587 2779 sententiam
1604 2710 1772 2795 respicias,
1789 2709 1944 2780 laborare
1954 2714 2067 2779 ιοιιιοιι

313 2809 469 2878 videntur
488 2830 511 2878 a
530 2816 644 2896 metro,
665 2811 797 2897 dactylo
818 2810 925 2896 posito
945 2830 1005 2895 pro
1032 2811 1176 2894 spondeo
1197 2812 1278 2897 (οὐδ’
1299 2818 1328 2879 oi
1348 2811 1387 2905 μὴ
1408 2813 1531 2908 νόμιμοι
1547 2845 1590 2882 .-.
1605 2814 1721 2906 χαλκῷ
1742 2810 1924 2906 κιομιίοαςλ
1956 2809 2063 2896 Quam

312 2911 503 2982 libertatem
523 2913 588 2981 etsi
607 2913 675 2981 seio
698 2931 770 2981 esse
790 2912 848 2995 qui
866 2912 1024 2997 probent,
1050 2911 1153 2980 nihilo
1173 2913 1281 2982 miuus
1305 2913 1454 2996 equidem
1474 2919 1662 3000 suspeotam
1691 2913 1806 2981 babeo.
1847 2911 1935 2980 Illud
1956 2915 2068 2982 tamen

313 3013 455 3082 fortasse
485 3015 637 3097 dubium,
667 3017 741 3082 uter
771 3031 886 3082 versus
913 3013 1135 3082 emendandus
1155 3015 1310 3083 videatur
1331 3033 1418 3100 esse,
1449 3015 1708 3100 antistropbious
1730 3032 1774 3082 an
1794 3011 1990 3097 atropbioue.
2031 3013 2069 3082 Si

313 3115 384 3199 ille,
411 3115 620 3183 scribendum
644 3133 715 3184 esse
734 3113 922 3200 putaverim
947 3115 1063 3184 littera
1084 3143 1105 3209 μ
1126 3115 1274 3201 dempta:
1305 3119 1360 3183 οόδ
1382 3123 1411 3185 οι
1431 3117 1489 3211 μὴν
1508 3154 1524 3170 -
1543 3114 1623 3213 οἴμοι
1648 3153 1664 3169 -
1684 3118 1803 3198 ιιιῑδις,
1827 3109 1923 3210 patei
1942 3133 1971 3182 ο.
1991 3133 2023 3198 ς.
2042 3131 2069 3182 ι.

314 3215 479 3299 Optimum
514 3215 564 3284 ita
599 3219 757 3300 metrum,
786 3215 910 3300 optima
938 3215 1039 3284 etiarn
1067 3216 1125 3310 μὴν
1153 3218 1318 3302 particula
1345 3224 1380 3286 et
1407 3216 1488 3313 οἴμοι
1515 3217 1702 3288 interiectio
1737 3217 1781 3286 ad
1814 3213 2066 3302 significandum

314 3315 405 3383 ebori
425 3315 466 3384 de
486 3314 655 3384 sententia
677 3316 837 3384 communi
858 3317 901 3384 ad
921 3333 1018 3401 reges
1038 3335 1113 3384 snos
1135 3318 1339 3386 transeuntis
1359 3319 1637 3388 vehementiorem
1664 3316 1766 3385 animi
1793 3319 1924 3384 motum.
1963 3314 2066 3384 Velut

203 3409 206 3415 ’
314 3435 488 3500 oppressus
510 3417 622 3487 dolore
642 3417 678 3484 iu
698 3417 804 3486 medio
825 3418 956 3487 nomine
977 3417 1131 3502 haesitat,
1158 3419 1387 3488 interiectione
1406 3421 1499 3489 illum
1518 3419 1730 3504 profundens,
1751 3422 1928 3501 antequem
1948 3433 2066 3485 nomeu

313 3518 515 3601 pronuntiet
557 3517 668 3586 Minus
689 3519 806 3588 timide
833 3520 1014 3603 proferrem
1042 3519 1127 3586 bano
1157 3521 1393 3604 coniecturam,
1420 3521 1449 3590 si
1469 3539 1597 3589 nossem
1617 3519 1685 3588 alia
1704 3517 1944 3588 interiectionis
1964 3518 2066 3588 iuter·

315 3619 445 3688 alatae
466 3620 555 3690 inter
574 3621 750 3689 articulum
768 3625 802 3688 et
823 3639 941 3689 nomen
962 3621 1121 3704 exempla.
1166 3620 1252 3704 Quin
1272 3621 1465 3691 intercalari
1486 3621 1600 3706 possit,
1620 3621 1754 3690 minime
1775 3619 1899 3704 dubito,
1920 3637 1993 3688 eum
2013 3618 2065 3684 tot

315 3721 384 3790 alia
404 3721 569 3806 interponi
587 3723 719 3790 soleant
740 3739 824 3804 quae
844 3739 910 3788 non
930 3722 1036 3806 magis
1057 3740 1154 3805 quam
1174 3722 1361 3791 interiectio
1373 3723 1529 3793 attributi
1542 3723 1818 3808 vicefungantur,
1837 3716 2066 3792 verumutbie

316 3821 407 3918 οἴμοι,
428 3823 627 3893 sententiam
648 3825 704 3893 vel
724 3824 978 3907 interrumpent.
1020 3823 1090 3908 Quo
1117 3824 1152 3892 in
1179 3843 1302 3910 genere
1328 3825 1487 3910 imprimis
1509 3817 1593 3916 οἶμαι
1619 3823 1756 3891 verbum
1776 3825 1844 3904 est;
1871 3818 1913 3888 ei.
1933 3822 1955 3900 ιι
1976 3809 2012 3885 δι’
2031 3841 2064 3908 μ

317 3921 428 4023 οἶμαι
447 3925 541 4023 μόσις
560 3925 645 4009 αὐτό
665 3923 836 4021 ἀποφαίνει
856 3925 943 3993 Plal.
971 3926 1072 4011 Gorg.
1093 3928 1153 3989 483
1180 3924 1220 4009 d;
1249 3931 1278 3992 οἱ
1297 3917 1353 4016 γὰρ
1383 3919 1493 4020 οἶμαι
1514 3922 1677 4013 βέλτιστοι
1697 3922 1790 3991 Dem.
1822 3923 1872 4004 54,
1904 3921 1961 4002 883
1996 3917 2066 3988 dull&

317 4027 366 4096 Of.
387 4027 487 4096 etiam
514 4025 571 4095 τόν
598 4021 670 4111 ἤδη
696 4025 791 4094 Adros
818 4023 927 4094 παλαι
954 4025 1059 4120 νεκρόν
1085 4027 1123 4095 Ο.
1143 4027 1184 4094 R.
1207 4029 1285 4090 1245
1314 4033 1350 4096 et
1374 4025 1431 4095 καί
1458 4025 1515 4093 τόν
1545 4017 1599 4120 μεί
1625 4024 1706 4108 ἤστο
1734 4028 1884 4089 πλεῖστοι
1908 4011 2064 4117 όμθομμος

316 4127 430 4224 χμόιιο.
472 4128 526 4198 At
546 4132 623 4214 3113
646 4129 715 4197 alia
733 4127 768 4196 id
788 4144 894 4213 genus
913 4126 1065 4210 plurima.

424 4229 471 4298 Et
491 4229 573 4298 haee
592 4229 723 4314 quidem
744 4229 785 4298 de
805 4227 946 4314 singulis
967 4232 1002 4296 et
1022 4228 1133 4299 verbis
1153 4233 1188 4297 et
1207 4228 1367 4299 versibus.
1407 4227 1518 4311 Nune,
1545 4243 1608 4309 quo
1638 4224 1752 4308 qualia
1781 4223 1851 4292 sint
1874 4221 1991 4292 ιιιοιιιιι
2012 4239 2063 4294 oo·

316 4335 502 4418 gnoscatur,
523 4345 589 4399 uno
610 4331 719 4400 omnia
739 4335 915 4413 conspeetu
935 4330 1252 4416 comprehendemus.

359 4437 417 4498 799
447 4427 622 4500 ἀντίπαλοι
641 4424 725 4500 κατὰ
744 4431 846 4500 λαίοα
867 4427 974 4522 τείχεα
1235 4435 1295 4494 817
1331 4432 1368 4496 od
1388 4421 1444 4518 grip
1464 4417 1486 4495 ό
1506 4425 1546 4521 μὴ
1565 4423 1668 4493 καλόν
1688 4416 1796 4490 οὔποτ’
1816 4414 1876 4520 ἔφα
1894 4424 2004 4506 καλόν,

498 4541 607 4624 χαλκῶ
628 4534 794 4628 κοσμήσας.
1373 4531 1439 4597 odd·
1460 4535 1489 4596 οἱ
1507 4526 1547 4622 μὴ
1567 4525 1689 4620 νόμιμοι
1710 4526 1781 4610 (οόδ
1801 4531 1830 4594 οἰ
1850 4523 1908 4619 μὴν
1929 4522 2023 4619 οἴμοι)

450 4621 474 4718 ό
494 4634 582 4702 dreani
600 4658 648 4714 τις
661 4625 748 4728 Ἔρις
769 4634 853 4714 θεός,
873 4624 900 4700 οἳ
919 4633 999 4698 rade
1321 4634 1441 4716 παῖδες,
1460 4625 1556 4725 ματρὶ
1574 4627 1717 4722 λόχευμα
1736 4625 1922 4722 μιόσματος,

502 4735 623 4829 μήσατο
643 4733 777 4828 πόματα
795 4743 849 4826 μᾶς
870 4735 1073 4823 βασιλιόσοο,
1374 4725 1445 4802 οὐδὲ
1467 4731 1613 4826 σόιαιμοο
1635 4719 1671 4812 i<
1693 4736 1734 4810 εις
1755 4723 1845 4820 λόχος
1866 4716 1981 4814 vilieu,

499 4829 706 4926 Λαβδακίδαις
726 4835 949 4929 πολυμόχθοις.
1375 4831 1629 4930 πατροφόνος
1657 4829 1932 4914 πολοπιιιθιίς.

423 4989 446 5060 ¹)
469 4965 566 5042 Κατοὶ
585 4974 696 5043 sonori
716 4972 757 5041 τό
779 4974 815 5041 ου’
834 4971 945 5058 καλόν,
962 4985 1046 5046 schol.
