4632 5674
1029 371 1094 441 XV

189 578 330 650 inlutum
362 597 434 649 eoae
460 583 539 665 puto
570 577 676 672 χθονο
694 577 778 649 illud
798 578 883 664 quod
901 584 977 665 post
998 574 1078 675 οἶμοι
1097 578 1124 646 δ’
1146 586 1187 661 εὶς
1208 577 1341 666 iegitur,
1366 597 1426 664 pro
1455 597 1517 662 quo
1543 577 1656 647 dubito
1678 578 1756 662 quid
1778 596 1937 664 reponeu·
2073 603 2074 606 ¹

189 683 266 751 duru
287 701 359 750 esse
380 701 539 766 censeam,
560 701 753 766 quamquam
773 681 851 763 quid
873 682 938 750 diei
958 682 1105 768 potuerit
1124 682 1223 749 facile
1244 687 1393 765 apparet.
1435 681 1661 765 Proposuerim
1689 700 1750 766 ego
1775 683 1830 750 rel
1861 688 1939 773 ὁρᾶν

102 776 107 780 ’
188 780 357 862 veletur,
384 783 567 865 quodcum
594 783 735 878 οἱμόδεις
762 783 908 851 iunctum
935 784 1099 868 significet
1122 783 1269 866 „blutrot
1292 782 1492 850 anzusehu“.
1535 782 1723 865 comparari
1743 789 1881 867 possunt
1904 789 1938 851 et

188 885 263 970 Iph.
282 885 359 952 Aul.
380 903 413 952 v.
435 888 513 948 1585
535 879 650 982 ἔλαφος
672 881 764 953 ἔκειτ’
783 882 837 953 ἐπὶ
856 882 949 975 χθονί
968 887 1056 952 Ἰδεῖν
1075 882 1200 979 μεγίστη
1219 882 1390 978 δαιπρέπης
1405 908 1440 950 τε
1460 884 1517 969 τὴν
1534 883 1627 963 θέαν,
1648 889 1683 953 et
1702 885 1865 952 innumeri
1886 884 1937 952 illi

189 983 251 1053 aiii
271 1002 397 1068 versuo,
417 983 474 1052 ubi
493 985 580 1052 siout
596 985 632 1052 in
649 985 707 1052 illo
726 985 797 1070 ipso
807 985 1002 1070 Iphigeniae
1021 988 1095 1052 ἰδεῖν
1117 986 1173 1053 vel
1190 991 1266 1074 ὁρᾶν
1281 1005 1341 1070 per
1357 987 1594 1056 abundantiam
1611 986 1776 1069 quandam
1794 985 1938 1053 additur.

187 1085 254 1170 (Gi.
274 1085 397 1154 Phoen.
419 1089 477 1147 146
498 1079 616 1181 ὄμμασι
635 1087 737 1180 νορνός
758 1089 896 1171 εἰσιδεῐνς
916 1087 1031 1174 Antig.
1046 1092 1106 1150 206
1123 1085 1297 1155 atawsa'w’
1318 1091 1409 1173 ἰδεῖν,
1429 1089 1501 1173 Iph.
1519 1088 1560 1155 A.
1578 1091 1640 1151 2⁷0
1656 1089 1748 1181 σῆμα
1765 1087 1943 1180 ταυρόπουν

188 1187 288 1278 ὀροῖν,
309 1191 386 1277 ὁρᾶν
405 1187 548 1277 muodo
569 1172 620 1270 οἷν,
640 1189 731 1272 alia).

298 1287 492 1374 Asyudetou
513 1337 523 1356 .
543 1338 552 1356 .
573 1286 774 1384 ἐσφενδονᾶτ’·
795 1286 927 1379 ἰννάνω
948 1338 957 1357 .
978 1338 987 1357 .
1007 1338 1017 1357 .
1038 1289 1138 1358 facile
1165 1289 1364 1358 defenditur.
1406 1291 1576 1378 Particula
1596 1289 1632 1359 δέ
1654 1291 1768 1374 posita
1788 1293 1853 1374 ost,
1872 1288 1942 1356 ubi·

188 1409 317 1474 cunque
333 1390 420 1458 notio
438 1390 659 1476 continuatur,
678 1398 754 1475 post
772 1385 840 1476 ἤδη,
856 1396 931 1476 post
949 1386 1114 1476 ἒκτνπηοο,
1130 1396 1206 1475 post
1220 1389 1261 1457 ἐκ.
1293 1390 1359 1459 Ubi
1370 1391 1521 1458 absoluta
1540 1395 1591 1458 est
1609 1391 1710 1458 verbo
1728 1388 1939 1486 ἐσφενδονᾶτο,

188 1492 305 1560 horror
323 1491 503 1575 auunculi
523 1491 636 1579 efficit,
656 1496 694 1560 ut
714 1493 850 1562 nuntius
871 1493 966 1577 quasi
986 1494 1138 1578 respiret,
1166 1499 1342 1576 autequam
1363 1499 1483 1578 pergat
1511 1493 1553 1560 ad
1574 1493 1717 1578 singula
1759 1491 1809 1560 ef.
1829 1491 1939 1560 deu.

188 1592 249 1662 Gr.
270 1593 289 1678 fi
310 1596 380 1677 546,
401 1596 431 1659 3.

298 1693 417 1762 Utrum
436 1693 558 1784 μόνον’
578 1694 753 1780 scribatur,
773 1714 816 1763 au
838 1693 972 1786 ἐννοόοο*
994 1696 1078 1764 elisa
1096 1694 1191 1763 verbi
1211 1692 1412 1791 ἐσφενδονᾶτο
1434 1695 1551 1763 ultima
1571 1694 1690 1779 uoooli,
1709 1695 1806 1778 parvi
1824 1693 1938 1762 refert

188 1793 294 1862 Deest
314 1800 524 1879 augmentum
545 1795 701 1863 etiamid
722 1797 882 1869 Burobv.
906 1803 984 1861 1134
1006 1804 1026 1882 ἤ
1047 1798 1074 1863 δ’
1095 1793 1177 1886 ἴχνος
1198 1799 1310 1878 αὐτοῖς
1330 1795 1490 1891 doubted·
1509 1797 1682 1890 γυμνοῦντο
1696 1793 1740 1874 δέ,
1761 1794 1803 1863 de
1822 1813 1888 1878 qua
1906 1814 1944 1865 re

189 1895 268 1965 vide
287 1896 409 1965 Matth.
430 1896 488 1965 Gr.
508 1916 559 1983 gr.
582 1897 599 1964 1
621 1897 639 1983 5
662 1901 731 1981 160,
753 1901 771 1959 2
795 1902 829 1965 et
848 1899 959 1966 thn.
981 1899 998 1966 Ι
1019 1899 1038 1984 §
1061 1902 1130 1981 199,
1152 1903 1181 1964 5.

297 2425 464 2495 Candidus
484 2444 526 2492 eu
547 2444 608 2510 ego
629 2444 647 2492 e
667 2429 842 2510 praecepto
862 2432 980 2510 poetae
1001 2425 1169 2510 impertiri
1195 2443 1280 2508 quae
1306 2423 1416 2493 habui
1458 2423 1508 2491 Tu
1536 2441 1615 2491 vero
1642 2423 1690 2506 „si
1710 2422 1789 2505 quid
1811 2421 1936 2491 novisti

189 2526 313 2596 rectius
329 2526 422 2595 iotis“
442 2527 483 2594 de
499 2526 570 2594 iooo
587 2527 734 2595 involuto
752 2533 848 2595 nocte
867 2533 901 2595 et
916 2527 1072 2606 tonebriS,
1090 2527 1147 2594 ubi
1165 2527 1234 2594 labi
1253 2534 1287 2593 et
1305 2545 1417 2594 errare
1433 2524 1633 2608 facillimum,
1654 2527 1820 2592 errantem
1836 2523 1937 2592 velim

189 2626 347 2717 tornigus,
367 2645 510 2697 errorem
530 2628 635 2714 ipsum
657 2648 729 2698 oum
749 2631 836 2698 bonu
856 2630 956 2700 vania
977 2629 1148 2698 oondones.
