4632 5674
1006 391 1225 496 *rg-

796 588 867 667 edil
888 593 1038 694 συόοομοο
1060 589 1131 686 831)
1151 609 1192 682 εἰς
1213 595 1305 693 λέχος
1326 592 1440 688 ἢλθεν,

793 702 1054 846 προτροφοόος
1085 706 1363 790 antemisit.

241 819 372 890 Le.
335 849 371 888 ου
391 809 489 911 ρᾶμο
509 819 550 917 μὴ
570 817 726 890 καλου
690 827 799 891 acero?
820 818 878 954 ipa
898 824 1012 903 καλόν,
1033 817 1103 890 ουδὲ
1125 853 1153 890 οο
1146 818 1372 905 ’πα1δεςοοοο
1391 826 1562 908 Ἐτεοκλῆς
1583 823 1857 910 coenolentam,
1880 821 1991 897 oc'de'o

240 923 473 1014 παοὴροουτῶο
493 920 674 1005 Οἰδίπους,
675 927 964 1048 ,συρροοσμευρς
991 951 1036 1026 τη
1072 952 1192 1020 μητρο
1218 924 1287 994 καὶ
1314 920 1466 993 ubaldo
1491 927 1562 993 τον
1588 921 1756 1019 πατέρα*
1757 930 1923 1014 ‘..(schol)

349 1025 572 1092 Dissecuimus
599 1026 703 1110 igitur
731 1025 907 1122 συναίμονος
933 1029 968 1095 in
997 1026 1145 1122 οὐοαιμοο
1171 1023 1209 1107 ὅς
1236 1033 1272 1094 et
1292 1031 1313 1108 q
1334 1019 1405 1091 δέ
1396 1045 1430 1092 rn
1452 1021 1525 1094 ου’·δέ
1549 1029 1755 1097 mutavimus.
1797 1029 1992 1098 Addidimus

239 1126 433 1222 πατροφόνος
460 1129 676 1212 antecessit,
702 1149 760 1213 pro
788 1130 905 1212 quibus
934 1129 1032 1196 etiam
1055 1127 1194 1208 Λατοίδας
1222 1153 1290 1194 πατ
1291 1127 1441 1222 ροφόοτος
1468 1129 1624 1214 conicias,
1655 1129 1709 1197 vel
1738 1130 1767 1197 si
1796 1129 1876 1212 quid
1902 1131 1994 1199 aliud
2075 1131 2077 1134 ’

240 1228 337 1295 malis
365 1229 406 1296 de
433 1229 546 1296 multis
574 1249 658 1312 quae
686 1231 785 1299 obvia
812 1236 899 1298 sunt.
941 1230 1007 1297 Nos
1036 1231 1137 1297 solam
1166 1249 1233 1296 rem
1264 1234 1298 1297 et
1317 1249 1375 1297 sen
1377 1231 1517 1297 tentiam
1539 1231 1760 1313 definivimus,
1791 1249 1855 1298 nou
1874 1231 1990 1298 verba.

238 1329 290 1399 Ne
300 1328 384 1397 illud
395 1330 526 1411 quidem
537 1329 647 1399 dicere
662 1333 777 1417 ausim,
797 1350 860 1414 quo
872 1349 950 1400 casu
962 1330 1045 1399 haec
1065 1331 1168 1399 verba
1188 1331 1429 1398 interciderint„
1471 1332 1560 1400 Satis
1582 1339 1633 1400 est
1651 1332 1808 1400 facillime
1825 1350 1866 1398 ea
1883 1332 1992 1415 perire

240 1429 402 1514 potuisse,
430 1447 502 1496 cum
531 1435 566 1497 et
594 1436 741 1498 extrema
769 1438 880 1500 esseut
908 1437 960 1499 tot
945 1433 1011 1499 tius
1037 1434 1193 1515 strophae
1222 1449 1327 1514 neque
1356 1433 1438 1502 adeo
1466 1435 1509 1501 ad
1537 1434 1760 1517 complendam
1792 1437 1867 1500 sent
1853 1433 1991 1501 tentiam

241 1529 442 1612 necessaria,
470 1536 599 1598 utnon
627 1551 686 1615 pro
715 1532 941 1600 additamento
969 1533 1093 1616 aliquo,
1121 1531 1207 1613 quod
1241 1551 1355 1600 rursus
1383 1535 1594 1602 resecandum
1628 1539 1730 1610 esset.
1766 1553 1786 1600 a
1817 1534 1993 1601 curiosiore

241 1627 379 1698 librarlo
399 1630 514 1698 haberi
535 1640 741 1716 possent-
763 1634 885 1701 litiae
908 1635 1110 1719 singularem
1138 1633 1344 1702 servavimus
1371 1635 1444 1717 ipsa
1473 1633 1649 1720 flagitante
1614 1637 1879 1718 tconiectura;
1909 1653 1993 1717 quaa

242 1733 354 1798 tamen
376 1733 430 1802 vel
451 1733 513 1801 hac
532 1753 598 1812 uua
617 1754 655 1803 re
675 1737 786 1820 cadet,
806 1737 835 1805 si
856 1756 970 1804 verum
990 1736 1077 1804 vidit
1099 1735 1336 1818 Kirchhoifius,
1367 1753 1438 1800 cum
1459 1753 1477 1802 e
1498 1735 1685 1803 scholiastis
1707 1719 1812 1819 ,ἵλεον
1831 1734 1992 1818 pluralem

242 1834 282 1898 ut
312 1849 424 1900 veram
462 1834 634 1904 lectionem
673 1838 805 1907 efficere
842 1855 938 1922 posse
963 1836 1093 1904 videret
1078 1841 1142 1902 t.ur
1190 1835 1375 1903 Scholiasta
1403 1834 1489 1901 enim
1517 1835 1589 1918 ille,
1624 1853 1719 1917 quem
1751 1853 1852 1918 supra
1883 1831 1993 1917 attuli,

241 1930 299 1998 ubi
320 1934 478 2016 explicuit
494 1955 610 2004 versus
630 1939 716 2007 sicut
716 1960 729 2006 1
701 1940 868 2007 tdictum
886 1942 946 2019 est,
968 1937 1018 2002 ita
1034 1936 1160 2058 pergit:
1182 1934 1316 2002 δυόοιται
1336 1927 1368 2000 ii
1382 1933 1436 2002 καὶ
1453 1933 1505 2002 ἐπὶ
1525 1939 1589 2002 roe·
1611 1929 1849 2014 Ἐτεοκλέους
1829 1965 1846 2019 η
1852 1935 1991 2058 ρ’μοοθορ

239 2037 258 2097 ο
280 2031 368 2123 λόγος
388 2063 445 2102 και
465 2035 594 2158 ἑρσόροεν
617 2035 723 2120 ου’τως·
752 2069 787 2108 ου
781 2040 910 2106 καλου
924 2037 1061 2166 ρεόοορμα
1081 2042 1109 2103 οἱ
1130 2065 1169 2131 μη
1190 2039 1313 2134 ου’μομοο
1334 2039 1447 2118 παῖδος
1467 2064 1507 2140 τη
1527 2037 1638 2170 μητρί,
1659 2032 1721 2106 οἷον
1743 2040 1915 2121 Ἐτοοοολοῖς
1935 2031 1992 2103 καὶ

239 2131 465 2220 Holsrtraqqs
454 2163 488 2206 εκ
498 2133 609 2228 legor,
625 2165 681 2205 του
704 2143 837 2208 ου’του
827 2139 946 2232 πατρός
966 2166 1022 2205 και
1013 2137 1184 2256 μὶδολμου
1205 2136 1352 2218 ἐλθόντες
1373 2165 1413 2218 εις
1424 2141 1534 2270 ημῶρ’
1528 2141 1567 2262 ιμ’
1587 2139 1614 2240 η
1634 2141 1674 2206 το
1696 2138 1846 2232 συόοιομον
1867 2135 1991 2223 (συναί-

239 2235 380 2329 μοοος)
360 2235 434 2305 αντὶ
453 2239 614 2334 ἀδολφου,
643 2265 678 2306 το
674 2234 734 2306 δὲ
757 2249 798 2321 εἰς
818 2236 908 2332 λέχος
936 2236 1009 2307 ἀντι
1029 2237 1063 2306 ἐκ
1089 2233 1212 2328 λέχους,
1236 2241 1378 2334 λόχευμα
1399 2233 1432 2308 de
1453 2241 1492 2307 το
1512 2236 1714 2334 μένοημακ-
1737 2241 1852 2324 „Unde
1871 2242 1984 2324 puteb‘*

239 2335 348 2418 inquit
367 2338 634 2424 Kirchhoffius„,
637 2345 672 2408 et
692 2340 798 2424 vitiae
819 2341 954 2409 inisse
943 2361 978 2408 m
999 2340 1178 2425 archetypo
1199 2357 1259 2408 nec
1280 2343 1400 2408 lectum
1421 2342 1519 2425 ibiq',
1540 2343 1626 2424 quod
1645 2341 1723 2411 libri
1744 2341 1896 2410 inserunt
1915 2345 1991 2426 post

239 2437 388 2532 ποτρο1.ς
429 2440 522 2509 Ηουο
543 2459 604 2526 ego
625 2443 765 2510 οοιιουᾶο
786 2442 868 2510 de
848 2471 866 2525 η
890 2441 1040 2523 articulo,
1060 2439 1169 2522 quiet
1154 2441 1308 2508 tscholio
1326 2446 1361 2508 et
1377 2441 1554 2525 sententia,
1569 2447 1609 2509 ut
1622 2441 1773 2524 vidimus,
1796 2440 1941 2508 excludit
1926 2447 1990 2526 tur,

239 2559 305 2608 ucn
322 2541 462 2608 concedo
484 2540 525 2608 de
546 2529 658 2626 disce.
700 2543 784 2611 Nam
805 2529 911 2626 {isos
931 2547 966 2609 et
986 2527 1089 2623 ἦλθον
1109 2541 1182 2625 pari
1203 2541 1275 2608 iure
1295 2546 1388 2626 sunt,
1409 2547 1446 2609 u
1447 2561 1581 2625 rumque
1598 2541 1632 2608 in
1648 2542 1770 2610 scholio
1789 2542 1989 2626 agnoscitur,

239 2647 286 2725 ut,
306 2642 372 2710 uisi
392 2643 462 2709 alia
481 2643 650 2728 accedam,
671 2645 754 2712 haec
773 2663 826 2712 res
847 2642 949 2712 sola
939 2659 974 2708 m
995 2659 1059 2708 neu
1061 2646 1147 2708 tram
1168 2647 1245 2725 part
1246 2661 1296 2708 em
1314 2648 1458 2710 moment
1458 2663 1512 2710 um
1529 2644 1661 2711 habeat.
1702 2643 1773 2711 Iam
1791 2661 1870 2710 vero
1884 2642 1989 2726 adest,

239 2743 327 2825 quud
346 2762 415 2811 rem
435 2744 521 2812 vel
511 2763 546 2812 m
567 2745 747 2830 singularis
767 2749 896 2830 partem
917 2741 1120 2826 inclinet,
1098 2749 1204 2811 utex
1232 2743 1303 2827 ipso
1324 2743 1446 2811 scholio
1467 2744 1521 2811 vel
1544 2743 1742 2811 cummanum
1764 2749 1864 2824 atque
1883 2741 1992 2811 voluit

239 2841 462 2912 Kircluhofllus
482 2846 744 2930 argumentando
765 2845 854 2913 eltici
874 2845 988 2929 possit
1031 2843 1246 2912 Scholiastem
1268 2843 1398 2926 quidem
1427 2843 1640 2911 concesserim
1667 2843 1702 2909 iu
1733 2861 1770 2912 eo
1797 2843 1898 2926 libro,
1930 2859 1993 2926 quo

239 2949 309 3012 tum
334 2943 421 3012 forte
448 2946 619 3028 utebatur,
645 2946 749 3029 script
749 2964 803 3014 um
831 2945 986 3013 babuisse
1013 2933 1126 3027 οἳλθοο.
1175 2945 1259 3010 Nam
1292 2943 1322 3012 si
1355 2963 1420 3012 uon
1449 2945 1599 3030 legisset,
1572 2945 1656 3012 tei
1684 2943 1854 3012 habuisset
1881 2943 1990 3027 potius

241 3033 344 3128 ἢλθεν
366 3050 402 3112 at
422 3065 506 3128 quae
524 3064 592 3113 una
613 3065 685 3114 cum
706 3046 767 3115 hoc
787 3043 955 3130 explicuit,
975 3062 1040 3111 non
1061 3043 1209 3127 profecto
1230 3043 1297 3126 ille,
1322 3043 1352 3110 si
1372 3051 1447 3111 erat
1466 3045 1585 3114 mentis
1605 3064 1695 3129 suae,
1721 3043 1990 3128 interpretationi

240 3145 452 3264 planissimae
472 3146 679 3215 adiunxisset
699 3147 838 3214 alteram
860 3163 940 3214 vere
959 3150 1198 3212 monstruosam
1220 3151 1254 3211 et
1273 3163 1338 3227 qua
1358 3145 1513 3228 loquendi
1534 3150 1669 3214 consuet
1654 3145 1733 3213 tudo
1761 3146 1815 3229 (εις
1835 3137 1992 3237 λέχος-
1951 3201 1993 3214 ..

240 3244 274 3313 ἐκ
293 3240 417 3336 λέχους)
437 3247 586 3315 invertat
586 3264 635 3313 ur.
676 3246 804 3315 Habuit
831 3247 927 3314 ille
917 3245 982 3332 ugit
983 3264 1031 3329 ur,
1059 3231 1225 3328 quaeat
1256 3247 1423 3330 explicuit,
1450 3257 1488 3315 ut
1514 3249 1632 3332 potuit.
1608 3250 1723 3314 tAt
1742 3265 1831 3332 vero,
1852 3246 1937 3329 quod
1958 3251 1993 3314 ct

240 3347 304 3416 sibi
325 3347 390 3414 et
379 3366 415 3415 m
416 3346 649 3432 terpretatioui
669 3365 749 3415 suae
776 3366 841 3416 uon
869 3347 941 3417 siue
970 3365 1070 3414 causa
1097 3345 1284 3430 diffidebat,
1312 3345 1382 3414 loeo
1410 3348 1497 3415 hanc
1524 3346 1635 3432 posuit
1661 3346 1817 3430 secundo,
1844 3349 1894 3415 alt
1879 3351 1993 3437 taran,

240 3467 338 3532 quam
360 3447 484 3516 alibro
504 3466 563 3516 suo
579 3467 695 3516 eruere
712 3467 777 3516 non
802 3450 921 3534 potuit,
948 3447 1104 3532 primario
1127 3447 1372 3531 putandumque
1397 3453 1458 3532 est,
1478 3467 1550 3516 cum
1569 3449 1630 3516 hcc
1646 3447 1773 3516 laceret
1774 3498 1782 3531 ,
1758 3453 1993 3531 tpersuasum

198 3637 200 3642 Ι
241 3549 273 3617 ei
292 3549 397 3618 fuisse
415 3548 583 3617 meliorem
603 3567 640 3617 se
659 3550 752 3632 aequi
773 3555 873 3634 atque
896 3549 1115 3631 antiquiorem
1143 3549 1342 3616 memoriam.
1384 3549 1637 3633 obtemperavit
1661 3548 1735 3616 sine
1762 3547 1860 3616 dubio
1888 3547 1990 3632 prisci

241 3649 379 3718 alicuius
399 3649 593 3732 interpretis
614 3649 819 3734 auctoritati,
847 3651 902 3733 qui
923 3650 995 3733 ipse
1016 3649 1092 3715 olim
1113 3648 1197 3715 libro
1226 3647 1415 3731 incorrupto
1444 3667 1521 3716 usus
1552 3651 1640 3732 erat;
1672 3648 1764 3716 cuius
1792 3652 1861 3716 tum
1888 3649 1993 3715 verba

240 3749 402 3834 recipiens
423 3766 494 3816 cum
516 3749 668 3832 apposita
685 3749 825 3817 uidisset
841 3750 953 3820 verbis
972 3755 1099 3833 poetae,
1121 3749 1185 3816 etsi
1201 3765 1267 3815 non
1285 3747 1350 3815 iam
1371 3750 1579 3832 quadrabant
1597 3767 1670 3817 cum
1688 3749 1739 3832 iis,
1761 3753 1796 3815 et
1813 3746 1992 3832 vestigium

240 3850 362 3918 inscius
382 3849 519 3933 reliquit
537 3849 726 3935 negationis
748 3845 820 3918 οτόἐ
841 3859 876 3918 et
897 3837 1002 3933 οῗλθιο
1022 3848 1118 3917 simul
1145 3853 1183 3916 ut
1203 3847 1378 3916 lectionem
1398 3851 1573 3934 pristinam
1594 3856 1695 3931 atque
1715 3867 1827 3917 veram
1848 3852 1992 3915 testatus

241 3955 302 4018 est
331 3949 516 4018 -Totius
544 3956 654 4018 autem
681 3950 777 4019 huius
804 3951 1065 4035 perturbationis
1093 3949 1198 4034 origo,
1228 3954 1266 4015 ut
1293 3947 1366 4017 fieri
1392 3949 1490 4034 solat,
1521 3967 1618 4032 quam
1647 3947 1889 4034 simplicissima
1916 3947 1992 4016 luit

240 4051 374 4137 Ingruit
392 4051 462 4135 illa,
483 4051 539 4118 ubi
561 4075 710 4144 οοοοομοο
732 4079 761 4131 ος
783 4052 817 4119 in
838 4071 938 4121 uuum
959 4050 1160 4133 coaluerunt,
1181 4066 1243 4131 quo
1263 4049 1352 4117 iacto
1373 4085 1414 4098 -
1433 4055 1469 4116 et
1488 4049 1561 4120 ilari
1580 4067 1689 4133 paene
1709 4065 1844 4116 neceam
1865 4046 1931 4114 luit
1952 4083 1992 4096 -

240 4169 283 4218 ne
302 4151 474 4237 negationi
491 4150 622 4234 quidem
641 4145 714 4218 οὐδέ
733 4152 796 4221 Ιοσ1
817 4154 993 4238 quidquam
1013 4151 1087 4219 mit
1124 4151 1208 4218 Nam
1230 4144 1303 4216 οὐδέ
1324 4147 1501 4244 ουοολμοοος
1522 4159 1563 4231 εὶς
1583 4145 1675 4240 λέχος
1696 4148 1799 4232 ἢλθεν
1817 4147 1901 4215 nihil
1920 4157 1993 4217 erat

240 4271 346 4335 neque
366 4252 484 4338 lugere
505 4270 697 4336 quemquam
717 4261 850 4339 poterat
870 4254 1070 4324 contrarium
1092 4269 1224 4335 prorsus
1246 4252 1419 4319 dicendum
1440 4269 1521 4336 esse,
1549 4251 1621 4320 sive
1642 4251 1685 4318 ad
1706 4249 1867 4334 Oedipum
1887 4249 1992 4318 verba

239 4351 444 4421 reserrentur
463 4352 535 4422 siva
557 4353 600 4422 ad
620 4355 792 4423 locustam.
834 4357 916 4424 num
936 4374 1016 4425 vero
1038 4359 1067 4422 ot
1088 4348 1123 4420 δέ
1141 4351 1242 4420 scribi
1263 4369 1341 4435 coep
1343 4356 1412 4418 turn
1441 4358 1505 4436 est,
1535 4353 1620 4435 quod
1646 4350 1752 4418 traxit
1779 4350 1893 4433 disee,
1921 4356 1991 4417 tum

241 4447 326 4539 τοῦτ’,
346 4453 432 4535 quod
453 4459 563 4522 exstat
583 4455 737 4540 inlibris,
757 4455 1098 4525 tumiortasseetiam
1112 4479 1169 4520 του
1160 4448 1231 4520 δι’
1251 4459 1324 4520 et
1306 4482 1321 4519 ο
1345 4446 1389 4530 δέ,
1411 4451 1486 4520 aliis
1502 4452 1626 4520 duobus
1640 4451 1781 4536 scholiis,
1801 4451 1867 4520 nisi
1882 4449 1991 4530 fallor,
2012 4521 2015 4526 Α

239 4551 443 4682 dignificata:
471 4553 592 4642 πατρος
620 4548 652 4623 δι’
679 4559 743 4623 rora*
770 4584 826 4624 και
855 4554 1032 4651 συναίμονος
1059 4563 1099 4635 εἰς
1126 4548 1217 4644 λέχος
1239 4553 1344 4636 vitem
1365 4557 1400 4620 et
1419 4577 1487 4618 ποτ
1488 4552 1538 4642 ρδς
1488 4580 1614 4670 ρρορ
1635 4547 1813 4644 συναίμονος
1835 4559 1877 4631 a,
1897 4555 1990 4640 λέχος
2060 4593 2064 4606 ·

239 4646 353 4736 qaino,
373 4651 484 4722 dien
503 4681 561 4720 τοο
551 4656 731 4754 &haiom
752 4662 858 4728 αοτσο
877 4685 934 4726 τοο
924 4655 1134 4736 Οἰδίποδος.
1167 4655 1285 4724 inillis
1303 4654 1457 4722 enimrov
1448 4647 1931 4739 ctrcspicivitetur,iuhis0
1944 4647 1989 4732 δι’,

241 4771 305 4836 qna
323 4754 471 4839 pertinet
491 4743 610 4842 ἢλθεν,
637 4776 742 4842 nequa
762 4766 800 4829 ut
819 4759 996 4831 videbatur
1016 4755 1233 4841 Kirchhoitio,
1260 4753 1452 4823 mutandum
1480 4755 1574 4823 hoc'
1564 4774 1600 4823 m
1619 4753 1726 4840 quiea
1746 4759 1810 4828 est
1838 4753 1918 4822 licet
1938 4771 1987 4822 se

346 4985 369 5064 ¹)
385 4983 461 5045 Libri
478 4988 580 5068 partim
598 4973 786 5074 συναίμονος,
803 4991 904 5072 partim
922 4991 1009 5060 eoluu
1020 4977 1167 5072 συόοιομοο
1183 5005 1218 5050 ιι.
1236 4988 1295 5049 uiue
1314 4989 1341 5065 1,
1358 4987 1417 5048 sire
1434 4991 1460 5046 2.
