4632 5674
1210 323 1294 424 ἧι

485 535 557 636 lam
578 584 657 635 vero
678 566 760 634 haec
780 566 899 633 verba:
920 563 1015 657 κόμαι
1035 553 1088 656 μὲν
1109 568 1150 642 dr
1170 555 1310 656 ἔλαμπον
1331 561 1609 656 semicana-¹)
1629 564 1684 635 vel
1712 569 1847 650 propter
1867 553 1921 660 μέν
1941 569 1977 634 at
1996 550 2032 633 δι’
2050 585 2125 651 par·

378 667 497 734 titulos
519 672 592 735 arte
612 667 692 734 mihi
713 667 887 734 cohaerere
904 682 1095 747 persuasum
1113 669 1187 730 erat
1204 682 1276 732 cum
1294 683 1394 732 versu
1408 664 1570 748 proximo:
1591 676 1683 757 pauper
1704 657 1737 732 ol
1757 662 1815 732 καὶ
1834 669 1908 734 κῶλ’
1928 671 1969 748 o'p
1990 666 2125 762 κύκλωμ’

375 763 499 847 Ἰξίονος
526 764 682 845 εἱλίσσετ’,
713 766 825 832 umbos
846 769 956 832 nutem
977 781 1092 833 versus
1113 765 1303 832 subiunctas
1324 783 1396 832 esse
1416 765 1515 832 rebar
1534 767 1635 834 verbo
1656 766 1756 834 alicui
1777 766 1912 835 videndi
1930 786 2124 854 cognoscen-

374 865 460 949 dive,
488 886 551 948 quo
571 872 612 946 ὠς
633 865 818 934 coniunctio
838 870 1020 949 regeretur,
1040 863 1138 947 idque
1158 865 1295 932 verbnm
1315 865 1421 932 latere
1442 864 1669 932 existimabam
1697 866 1732 934 in
1759 866 1801 934 iis
1829 887 1914 952 qnae
1937 874 2017 938 sunt
2034 864 2122 958 χωρὶς

374 967 522 1050 turpior
543 961 630 1060 μέλη,
649 965 761 1033 verbis
781 965 859 1031 item
882 963 1135 1046 corruptissimis
1163 969 1197 1031 et
1217 965 1307 1032 nollo
1333 963 1426 1032 modo
1448 965 1707 1049 explicabilibua
1749 969 1862 1052 Neque
1882 970 2007 1038 diutins
2026 990 2124 1053 quao-

375 1073 503 1134 rentem
532 1067 669 1135 verbum
695 1064 778 1133 illud
805 1063 937 1132 fefellit.
978 1065 1019 1133 In
1046 1088 1142 1157 χωρισ
1168 1065 1345 1149 recognovi
1368 1063 1489 1152 podprc'
1516 1066 1588 1134 sive
1614 1065 1763 1159 lyro'pwa
1789 1068 1811 1136 i.
1836 1089 1864 1137 a
1887 1071 2063 1156 „eognovi“
2085 1077 2122 1140 et

373 1169 461 1236 sieut
491 1169 586 1235 inv.
617 1172 675 1229 142
702 1185 739 1233 se
765 1165 958 1250 cognovisse
985 1165 1099 1233 aiebat
1128 1165 1340 1251 paedagogus
1370 1183 1441 1233 cum
1472 1166 1612 1234 vidisset
1641 1167 1755 1260 (σημεῖ’
1786 1161 1857 1236 ἰδὼν
1886 1170 1954 1238 τότ’
1984 1167 2123 1238 ἀσπίδων

376 1269 544 1362 ἐγνώρισα),
565 1269 614 1335 sie
633 1269 695 1335 hoc
715 1267 845 1350 quidem
865 1267 936 1334 loco
955 1267 1093 1334 nuntius
1113 1267 1223 1334 dicere
1243 1267 1420 1336 videbatur
1440 1286 1477 1336 se
1497 1268 1691 1351 cognovisse
1710 1287 1789 1354 rem,
1809 1275 1855 1354 at,
1876 1271 1955 1355 qnia
1974 1273 2122 1344 fulminis

374 1371 547 1439 eeleritate
566 1367 739 1453 agebatur,
758 1366 816 1434 vix
837 1365 1014 1449 videntem,
1033 1367 1065 1432 h.
1086 1384 1115 1433 a
1467 1377 1469 1382 ·

1341 1457 1429 1534 iude*
1450 1465 1612 1560 alopeciam

865 1571 944 1630 1190
963 1563 1165 1658 ioperdoodr'·
1185 1567 1327 1659 ὲῐνιέρισζ
1348 1569 1422 1636 ἀλλ’
1443 1563 1514 1636 ἰδῶν
1534 1568 1632 1663 μόλις,

964 1666 1062 1760 κόμαι
1083 1660 1136 1761 μὲν
1156 1673 1197 1748 ὥς
1217 1663 1357 1762 ἔλαμπον
1378 1669 1521 1762 cipridem
1542 1699 1583 1725 ν
1602 1707 1652 1750 ·-‚

966 1781 1061 1861 χεῖρες
1082 1762 1115 1836 δι’
1135 1765 1191 1836 καὶ
1210 1769 1286 1836 κῶλ’
1307 1776 1347 1849 afr
1368 1770 1504 1866 κύκλωμ’
1526 1768 1648 1851 Ἰξίονος

966 1868 1121 1938 εἱλίσσετ’·
1143 1880 1185 1952 εἰς
1204 1875 1266 1960 pp‘u
1286 1868 1442 1965 δ’ἔμπυρος
1463 1868 1574 1940 πίπτει
1593 1871 1696 1966 νεκρός

376 1967 448 2038 Von
470 1971 528 2038 der
547 1970 662 2039 Leiter
682 1971 784 2038 harah
806 1972 899 2039 ward
919 1990 956 2039 er
975 1972 1215 2057 geschleurlert.
1256 1973 1315 2040 Ich
1337 1973 1514 2058 arkannte‚
1542 1974 1623 2042 doch
1643 1975 1743 2040 kaum
1763 1991 1798 2040 es
1818 1973 1956 2058 sehend,
1981 1973 2045 2042 vie
2067 1973 2122 2042 dia

374 2073 488 2140 Haare
507 2071 674 2139 flammten
695 2071 730 2139 iu
751 2071 928 2138 blntrotem
948 2071 1078 2156 Schein,
1098 2073 1162 2140 wia
1182 2073 1271 2140 Arm'
1292 2074 1360 2140 und
1381 2073 1485 2142 Beine
1513 2074 1576 2142 vie
1596 2074 1653 2141 des
1677 2072 1772 2139 Ixion
1793 2072 1868 2140 Rud
1887 2073 2117 2142 umvirbelten

373 2175 441 2241 und
462 2173 646 2240 verbrannt
667 2173 726 2239 der
745 2171 923 2240 Lcichnam
943 2189 1003 2238 zur
1023 2172 1113 2240 Erde
1133 2173 1198 2239 fiel.

480 2274 534 2341 En
555 2273 647 2359 origo
668 2278 703 2340 et
725 2271 906 2358 „genesis“‚
926 2279 964 2340 ut
984 2273 1088 2350 aiunt,
1117 2273 1326 2342 coniecturae
1346 2279 1488 2358 nostrae,
1517 2275 1587 2342 late
1607 2273 1737 2356 quidem
1756 2273 1902 2358 patentis
1923 2274 2018 2342 -in
2040 2276 2121 2342 dnos

372 2373 459 2442 enim
488 2392 603 2442 versus
629 2373 777 2458 pertinet
804 2377 838 2440 et
867 2373 940 2457 plus
969 2392 1033 2441 uno
1061 2373 1162 2441 verbo
1190 2374 1303 2459 tangit
1323 2411 1364 2422 -
1384 2376 1443 2442 sed
1471 2394 1555 2458 quoa
1582 2375 1770 2444 sententiae
1792 2373 1980 2442 satisfaciat
1999 2380 2035 2442 et
2054 2393 2118 2444 non

371 2476 475 2544 solnm
497 2476 630 2561 ingenio
650 2480 769 2559 poetae
787 2474 855 2542 vim
872 2493 936 2542 non
955 2475 1082 2559 afferat,
1102 2493 1217 2544 verum
1235 2475 1304 2544 cius
1323 2481 1397 2544 arte
1425 2493 1505 2545 vere
1533 2476 1636 2564 digna
1656 2495 1729 2545 esse
1749 2476 1913 2545 videatur.
1954 2476 2122 2559 Expressa

373 2578 438 2644 iam
460 2582 494 2644 et
515 2575 666 2642 absoluta
686 2573 813 2642 ruentis
835 2573 980 2656 Capanei
1001 2574 1109 2660 imago
1131 2582 1195 2659 est,
1223 2581 1261 2644 nt
1289 2578 1361 2660 ipse
1387 2596 1544 2661 praesens
1566 2595 1701 2646 cernere
1726 2575 1885 2660 videaris,
1913 2582 1951 2643 ut
1970 2577 2121 2646 micuerit

372 2677 507 2760 fulmen,
527 2685 566 2744 nt
586 2675 841 2744 inflammaverit
860 2674 977 2754 crines,
1009 2682 1048 2743 ut
1074 2678 1145 2760 ipse
1176 2683 1266 2745 retro
1299 2678 1455 2746 ceciderit
1486 2677 1699 2758 cedentiaque
1727 2693 1841 2742 manus
1863 2680 1898 2740 et
1916 2675 2017 2758 pedes
2037 2676 2123 2744 sicut

371 2778 497 2846 Ixionis
517 2783 610 2845 rotae
630 2777 723 2846 infixi
744 2774 971 2844 cmcumvoluti
1001 2775 1080 2842 sint
1121 2777 1205 2843 Num
1236 2777 1297 2844 hoc
1317 2782 1432 2844 contra
1451 2781 1604 2844 naturam
1623 2775 1669 2842 sit
1685 2773 1882 2842 inflammari
1900 2773 2036 2858 capillos
2056 2775 2119 2845 ful·

368 2877 457 2945 mine
477 2877 604 2960 nescio;
631 2881 772 2961 apoeta
792 2879 882 2942 certe
902 2893 967 2942 non
988 2873 1153 2942 abhorret.
1195 2876 1304 2943 'festis
1331 2882 1384 2943 est
1403 2876 1461 2944 ille
1489 2894 1583 2959 quem
1610 2895 1712 2960 supra
1732 2875 1833 2944 attuli
1853 2875 1964 2944 Ovidii
1985 2893 2115 2944 versus:

369 2981 417 3046 nt
438 2979 610 3046 Phaethon
631 2978 748 3046 rutilos
769 2977 900 3044 damma
919 2977 1100 3062 populante
1120 2975 1267 3059 capillos.
1308 2977 1442 3045 Rotatio
1470 2983 1580 3044 antem
1608 2977 1826 3045 membrorum
1853 2979 1891 3042 ut
1911 2975 2026 3059 inepta
2046 2981 2120 3044 erat

368 3085 478 3162 antea
494 3079 544 3148 ita
558 3098 645 3146 nunc
660 3079 703 3146 ud
718 3077 969 3161 descriptionem
981 3076 1105 3161 optima
1126 3085 1178 3143 est
1198 3083 1233 3144 ct
1252 3078 1296 3144 ad
1316 3077 1493 3145 veritatem
1513 3074 1825 3158 accomodatissima,
1845 3073 1924 3158 quia
1947 3094 2034 3143 nunc
2053 3095 2120 3144 une

369 3197 442 3248 oum
457 3179 527 3262 ipso
545 3195 679 3261 corpore
693 3179 839 3245 membra
852 3177 887 3245 in
904 3179 1013 3245 orbem
1025 3182 1229 3260 torquentur.
1251 3180 1372 3263 Inepta
1382 3185 1528 3260 aretusa,
1545 3177 1652 3262 quoad
1666 3177 1844 3245 secundum
1858 3195 1898 3244 ea
1913 3195 1996 3260 quaa
2010 3177 2120 3246 trade·

367 3282 489 3348 bantur
501 3278 743 3363 quadripertita
761 3279 907 3347 membra
921 3280 1063 3362 abrupta
1078 3278 1113 3346 vi
1124 3279 1271 3347 fulminis
1286 3299 1307 3347 a
1321 3286 1436 3348 trunco
1450 3282 1514 3348 huo
1527 3280 1606 3347 illuc
1618 3297 1678 3363 per
1692 3296 1771 3345 aare
1785 3275 1943 3344 errabant
1958 3282 1992 3344 et
2007 3277 2119 3361 capilli

367 3384 402 3448 et
429 3380 565 3463 sanguis
587 3414 624 3426 -
647 3399 722 3449 nam
750 3385 785 3447 et
805 3381 888 3448 haec
907 3381 1052 3448 membra
1073 3384 1170 3446 erant
1189 3417 1231 3428 -
1252 3385 1286 3448 ot
1307 3399 1421 3448 manus
1442 3387 1477 3448 et
1497 3380 1610 3464 pedes,
1637 3378 1784 3462 lapidum
1805 3377 1914 3446 instar
1933 3377 2117 3469 missilium,

368 3493 406 3549 ut
426 3480 562 3548 mirifice
583 3480 822 3566 interpretetur
843 3481 968 3548 Kinlrel
989 3480 1024 3547 in
1045 3480 1096 3546 ed.
1111 3481 1233 3548 Phoen.
1256 3501 1286 3547 a.
1308 3486 1401 3549 1871:
1424 3483 1513 3564 „Das
1530 3480 1777 3548 Sici-Iosldseu
1796 3478 1863 3546 und
1878 3477 2117 3563 Davontliegen

371 3581 431 3650 der
451 3579 588 3649 Glieder
607 3580 689 3666 ging
710 3600 746 3648 so
767 3580 893 3648 schnell
920 3599 981 3648 vor
1007 3581 1090 3664 sich,
1122 3582 1198 3650 dass
1226 3601 1302 3650 man
1324 3581 1610 3651 Schlendersteine
1636 3601 1678 3649 zu
1704 3581 1804 3649 sehen
1831 3580 1983 3648 meinta“
2024 3579 2118 3648 Haec

374 3685 465 3749 certe
487 3678 517 3748 si
537 3679 713 3763 quidquam
735 3679 827 3747 alind
847 3679 991 3747 absurda
1010 3680 1147 3748 fuerunt
1166 3685 1266 3764 atque
1286 3700 1350 3749 non
1371 3681 1519 3750 ferenda

477 3779 542 3849 Sed
562 3779 677 3849 audire
697 3781 813 3848 videor
832 3779 887 3863 qni
907 3780 1080 3848 audaciam
1100 3783 1135 3850 in
1157 3781 1370 3850 coniectando
1390 3783 1595 3866 reprobrent,
1615 3782 1672 3866 qui
1691 3780 1850 3850 hariolari
1869 3799 1930 3850 nos
1948 3779 2061 3849 dicant
2081 3783 2116 3848 et

366 3880 467 3966 missa
488 3885 580 3949 terre
600 3881 706 3949 solida
727 3888 862 3965 captare
877 3882 990 3949 nubea
1032 3881 1148 3953 Dicam
1165 3882 1315 3965 equidem
1332 3882 1417 3966 quod
1434 3883 1551 3951 sentio.
1593 3881 1686 3966 Quod
1704 3881 1739 3949 in
1757 3900 1821 3950 nno
1839 3900 1940 3965 saepe
1956 3879 2115 3950 vocabulo

367 3981 498 4065 occidit,
519 3987 557 4049 nt
577 3982 794 4066 neglegenter
814 3981 971 4065 scriptum
991 3981 1121 4050 incuria
1140 3982 1270 4050 librarii
1290 3988 1350 4050 ant
1378 4001 1578 4050 evanescens
1606 3981 1728 4050 iniuria
1755 3987 1935 4065 temporum
1961 3980 1996 4050 in
2024 3985 2115 4050 tran

366 4083 539 4152 scribendo
559 4084 811 4167 depravaretur,
840 4081 875 4149 id
896 4081 995 4151 etiam
1016 4083 1051 4150 in
1072 4084 1290 4166 compluribus
1310 4084 1422 4152 verbis
1442 4083 1620 4167 coutinuis,
1647 4087 1685 4150 ut
1704 4081 1799 4166 alibi,
1828 4081 1878 4150 ita
1905 4083 1959 4150 hic
1986 4100 2114 4166 quoque

367 4183 518 4252 evenisse
539 4183 699 4250 existimo.
740 4183 809 4250 Nec
828 4188 939 4250 tamen
961 4183 1070 4251 omnia
1089 4184 1186 4252 simul
1208 4185 1391 4269 depravata
1418 4202 1491 4251 esse
1518 4183 1699 4267 putandum
1726 4188 1787 4250 est.
1827 4180 1965 4250 Initium
1993 4180 2113 4250 erroris

367 4285 490 4353 factum
511 4283 805 4352 estnincillincve.
838 4285 919 4351 Tum
930 4295 1043 4352 secuta
1054 4290 1133 4352 sunt
1150 4283 1643 4368 ceteraautsuaquasisponte,
1658 4287 1718 4350 aut
1729 4281 1876 4348 cousqu
1885 4287 2023 4365 niumm,
2035 4281 2113 4364 quia

368 4385 432 4452 iarn
455 4385 612 4452 mutanda
632 4384 857 4452 videbuntur.¹
882 4384 969 4467 Quid
989 4385 1120 4455 facilins
1148 4388 1214 4455 fuit
1239 4406 1335 4470 qnam
1355 4407 1464 4476 proptr
1484 4385 1634 4451 αλιιιων·
1650 4383 1743 4451 abne
1771 4381 1804 4449 in
1827 4405 1921 4476 popm
1942 4383 2112 4466 allator?

366 4485 542 4568 notarunt,
563 4490 598 4551 et
617 4483 694 4568 qnia
715 4483 778 4550 iam
800 4484 968 4551 sententia
987 4485 1141 4572 flagitare
1169 4487 1354 4571 videbatur,
1379 4489 1556 4555 traxerunt
1574 4483 1675 4552 etiam
1696 4475 1773 4576 μέλη
1793 4484 1866 4567 (pro
1886 4482 2000 4578 palor),
2022 4484 2113 4552 adiu·

367 4592 470 4655 vante
489 4585 561 4654 sine
582 4585 679 4652 dubio
701 4590 735 4652 et
755 4603 906 4652 sonorum
928 4593 963 4653 et
983 4587 1170 4656 litterarum
1198 4589 1422 4657 similitudine
1464 4586 1581 4654 Facile
1606 4585 1707 4652 etiam
1734 4608 1776 4666 εις
1805 4593 1944 4680 alapam
1970 4591 2005 4653 et
2032 4609 2112 4680 napa

366 4688 437 4768 δἐις
465 4688 590 4772 scripta
615 4689 692 4753 sunt
711 4705 770 4772 pro
791 4685 832 4754 iis
853 4706 937 4770 quae
959 4693 1056 4756 erant
1075 4715 1113 4770 ως
1134 4697 1274 4785 cooperor
1293 4697 1328 4759 et
1347 4692 1498 4785 αιμωδεις,
1525 4704 1585 4772 per
1605 4704 1747 4753 errorem
1768 4685 1910 4754 fortasse
1929 4690 2111 4771 utrumqne,

343 4885 346 4890 Ι
367 4789 509 4858 fumasse
529 4788 630 4858 etiam
651 4789 791 4859 alterum
810 4793 919 4861 utrum
940 4790 981 4859 de
1001 4791 1176 4862 industria.
1218 4793 1359 4862 consilio
1377 4795 1467 4860 certe
1484 4808 1524 4858 aa
1540 4787 1669 4857 ratione
1687 4787 1924 4873 depravatione
1941 4784 2002 4853 illa
2018 4785 2111 4857 facte

473 4955 496 5026 ι)
521 4956 563 5014 De
587 4937 692 5032 χθόνα
710 4955 837 5016 librorum
855 4971 917 5015 mox
935 4955 1031 5016 diuam
1083 4983 1085 4988 ¹
